time,sym,side,price,size
09:00:02.834,GOOG,B,779.75,500
09:00:05.003,GOOG,B,779.85,100
09:00:05.520,APPL,S,120.3,300
09:00:05.828,HSBC,S,80.2,700
09:00:09.941,FDP,S,5.15,500
09:00:10.662,HSBC,S,80.4,600
09:00:10.784,APPL,B,119.55,500
09:00:11.095,REYA,B,44.7,100
09:00:14.478,HSBC,S,80.45,100
09:00:15.509,HSBC,S,80.3,700
09:00:16.419,REYA,B,44.65,1000
09:00:23.410,FDP,B,4.75,500
09:00:23.951,REYA,S,45.2,300
09:00:25.109,APPL,S,120.2,700
09:00:25.207,HSBC,S,80.3,700
09:00:25.722,HSBC,B,79.65,900
09:00:26.545,HSBC,B,79.95,900
09:00:28.264,GOOG,B,779.95,500
09:00:30.025,FDP,B,4.75,100
09:00:30.569,FDP,B,4.75,500
09:00:32.657,REYA,S,45.25,400
09:00:38.990,APPL,S,120.4,100
09:00:39.161,GOOG,S,780.2,500
09:00:40.062,APPL,S,120.1,1000
09:00:45.960,REYA,S,45.5,100
09:00:47.420,HSBC,S,80.3,600
09:00:47.446,FDP,S,5.4,100
09:00:53.699,APPL,B,119.55,400
09:00:58.489,FDP,S,5.05,200
09:01:01.026,GOOG,S,780.25,400
09:01:03.213,HSBC,S,80.35,600
09:01:05.798,FDP,B,4.8,400
09:01:08.941,REYA,S,45.35,400
09:01:09.513,FDP,B,4.7,200
09:01:13.383,GOOG,B,779.6,600
09:01:14.470,GOOG,S,780.15,700
09:01:15.690,GOOG,S,780.4,100
09:01:18.818,HSBC,S,80.2,100
09:01:19.345,HSBC,S,80.45,200
09:01:20.878,FDP,B,4.55,300
09:01:21.386,APPL,S,120.4,400
09:01:22.711,HSBC,S,80.4,100
09:01:23.899,REYA,B,44.9,300
09:01:29.533,GOOG,S,780.4,1000
09:01:29.834,FDP,B,4.65,600
09:01:32.056,FDP,S,5.5,100
09:01:35.128,APPL,B,119.65,200
09:01:35.293,FDP,B,4.7,1000
09:01:38.275,FDP,B,4.8,1000
09:01:38.885,HSBC,B,79.75,800
09:01:42.345,HSBC,B,79.8,100
09:01:44.117,HSBC,B,79.9,500
09:01:48.367,FDP,S,5.1,600
09:01:51.566,REYA,S,45.4,800
09:01:52.805,HSBC,B,79.55,300
09:01:53.980,FDP,B,4.6,200
09:01:58.549,HSBC,B,79.75,400
09:02:01.955,HSBC,B,79.85,300
09:02:05.525,APPL,S,120.1,600
09:02:05.758,REYA,B,44.5,1000
09:02:10.979,HSBC,S,80.15,300
09:02:13.881,GOOG,S,780.45,400
09:02:17.354,FDP,S,5.5,800
09:02:20.310,GOOG,B,779.95,600
09:02:21.544,REYA,B,44.5,200
09:02:23.904,REYA,S,45.2,700
09:02:27.597,GOOG,S,780.1,500
09:02:28.276,GOOG,B,779.6,1000
09:02:29.820,REYA,B,44.85,800
09:02:29.823,REYA,B,44.85,700
09:02:31.518,HSBC,B,79.6,1000
09:02:32.551,GOOG,S,780.45,400
09:02:43.115,APPL,B,119.6,300
09:02:46.884,HSBC,B,79.9,400
09:02:52.441,HSBC,S,80.05,900
09:02:52.651,HSBC,S,80.1,200
09:02:53.643,GOOG,B,779.5,1000
09:02:53.830,REYA,S,45.05,500
09:02:58.372,GOOG,S,780.15,200
09:02:59.128,APPL,S,120.35,500
09:03:13.653,GOOG,B,779.65,300
09:03:21.734,FDP,B,4.85,1000
09:03:23.886,GOOG,B,779.5,900
09:03:28.548,GOOG,B,779.95,800
09:03:31.034,HSBC,B,79.6,300
09:03:31.714,APPL,S,120.45,700
09:03:32.342,APPL,S,120.35,1000
09:03:34.227,HSBC,B,79.75,300
09:03:36.505,REYA,S,45.5,400
09:03:39.634,HSBC,B,79.55,700
09:03:40.782,APPL,B,119.55,200
09:03:40.965,FDP,S,5.35,100
09:03:40.995,FDP,B,4.85,400
09:03:41.259,GOOG,B,779.7,600
09:03:42.300,REYA,S,45.4,700
09:03:42.661,HSBC,B,79.75,400
09:03:43.790,GOOG,B,779.55,200
09:03:44.644,FDP,S,5.4,300
09:03:48.271,GOOG,B,779.5,500
09:03:52.345,REYA,B,44.6,1000
09:03:56.020,APPL,B,119.8,500
09:03:57.406,GOOG,S,780.5,800
09:03:59.737,GOOG,B,779.65,700
09:04:03.073,FDP,B,4.85,500
09:04:04.561,HSBC,B,79.95,900
09:04:06.626,GOOG,S,780.1,1000
09:04:17.194,APPL,B,119.95,800
09:04:19.153,HSBC,S,80.05,400
09:04:22.436,GOOG,B,779.75,900
09:04:32.940,HSBC,B,79.95,900
09:04:36.305,REYA,B,44.9,300
09:04:41.150,GOOG,B,779.9,300
09:04:45.847,HSBC,B,79.95,400
09:04:46.467,APPL,S,120.25,600
09:04:50.306,REYA,B,44.6,400
09:04:54.063,REYA,S,45.25,100
09:04:55.884,GOOG,B,779.8,1000
09:04:56.796,REYA,S,45.5,100
09:04:57.390,GOOG,S,780.4,800
09:04:58.178,HSBC,B,79.6,200
09:05:04.800,GOOG,B,779.75,100
09:05:09.558,GOOG,B,779.55,600
09:05:11.202,GOOG,B,779.6,700
09:05:12.329,HSBC,B,79.55,800
09:05:15.703,GOOG,S,780.05,200
09:05:16.350,FDP,S,5.05,600
09:05:17.618,HSBC,B,79.7,500
09:05:21.081,APPL,B,119.8,900
09:05:28.122,GOOG,B,779.75,600
09:05:28.341,APPL,B,119.6,300
09:05:32.176,REYA,B,44.9,900
09:05:32.552,HSBC,B,79.8,900
09:05:38.911,HSBC,B,79.85,800
09:05:39.830,GOOG,S,780.45,1000
09:05:42.194,APPL,B,119.85,200
09:05:47.743,APPL,B,119.75,400
09:05:49.413,GOOG,S,780.1,900
09:05:50.564,APPL,S,120.4,1000
09:05:56.333,GOOG,B,779.85,500
09:05:56.726,HSBC,S,80.4,600
09:05:57.988,FDP,S,5.4,100
09:05:58.118,APPL,B,119.65,700
09:06:02.036,GOOG,B,779.9,700
09:06:02.936,FDP,B,4.65,500
09:06:03.214,FDP,B,4.8,800
09:06:04.091,HSBC,S,80.2,700
09:06:06.844,FDP,S,5.45,800
09:06:07.282,FDP,B,4.5,1000
09:06:09.481,REYA,B,44.9,800
09:06:11.398,REYA,B,44.75,200
09:06:15.327,HSBC,S,80.25,500
09:06:19.594,GOOG,B,779.9,800
09:06:21.140,GOOG,B,779.85,1000
09:06:21.936,GOOG,B,779.7,900
09:06:21.987,APPL,S,120.25,900
09:06:24.441,APPL,S,120.5,200
09:06:24.501,REYA,B,44.8,300
09:06:26.287,GOOG,B,779.9,900
09:06:27.276,GOOG,B,779.55,200
09:06:29.368,APPL,B,119.8,100
09:06:31.737,FDP,B,4.75,300
09:06:34.627,HSBC,B,79.85,600
09:06:38.979,GOOG,S,780.35,400
09:06:39.592,FDP,B,4.65,700
09:06:43.301,GOOG,S,780.45,700
09:06:43.612,FDP,S,5.2,600
09:06:45.134,REYA,B,44.85,600
09:06:48.964,APPL,S,120.4,800
09:06:49.911,REYA,S,45.35,200
09:06:51.822,REYA,B,44.95,900
09:06:51.838,GOOG,S,780.35,900
09:06:52.116,APPL,S,120.4,200
09:06:52.966,HSBC,B,79.7,700
09:06:54.522,GOOG,S,780.1,800
09:06:57.415,FDP,S,5.35,500
09:06:57.512,GOOG,B,779.65,300
09:06:57.996,APPL,B,119.9,1000
09:06:59.450,APPL,S,120.05,100
09:07:00.924,FDP,S,5.45,400
09:07:01.430,REYA,B,44.6,900
09:07:03.338,FDP,S,5.45,400
09:07:04.277,APPL,S,120.3,500
09:07:04.474,REYA,S,45.15,200
09:07:15.343,APPL,S,120.2,700
09:07:15.958,REYA,B,44.65,100
09:07:17.541,FDP,S,5.45,600
09:07:21.461,HSBC,S,80.4,1000
09:07:24.030,REYA,S,45.05,1000
09:07:24.213,HSBC,B,79.55,900
09:07:25.371,APPL,S,120.4,200
09:07:33.842,APPL,S,120.4,100
09:07:36.778,FDP,S,5.45,900
09:07:38.350,GOOG,S,780.05,900
09:07:38.889,GOOG,S,780.3,600
09:07:48.963,FDP,S,5.4,600
09:07:49.478,FDP,S,5.3,1000
09:07:50.837,APPL,B,119.5,900
09:07:58.854,APPL,B,119.5,900
09:08:05.380,GOOG,S,780.05,400
09:08:06.424,APPL,B,119.85,100
09:08:09.120,GOOG,S,780.3,200
09:08:11.606,HSBC,B,79.6,600
09:08:12.219,FDP,B,4.65,900
09:08:13.369,REYA,B,44.85,700
09:08:13.582,FDP,B,4.8,1000
09:08:20.749,FDP,S,5.1,600
09:08:21.490,APPL,S,120.2,700
09:08:23.894,FDP,S,5.1,400
09:08:24.102,HSBC,B,79.9,600
09:08:27.248,APPL,B,119.75,400
09:08:33.477,APPL,B,119.65,600
09:08:34.986,GOOG,B,779.95,100
09:08:36.434,HSBC,S,80.35,600
09:08:48.610,GOOG,S,780.2,800
09:08:53.450,HSBC,S,80.15,100
09:08:54.264,GOOG,B,779.95,200
09:08:57.290,APPL,B,119.75,200
09:08:59.247,HSBC,S,80.4,1000
09:09:00.348,FDP,S,5.25,300
09:09:04.031,HSBC,S,80.35,700
09:09:04.972,FDP,S,5.5,200
09:09:07.238,APPL,S,120.15,800
09:09:10.638,APPL,B,119.85,100
09:09:11.569,FDP,B,4.95,400
09:09:15.444,FDP,B,4.8,900
09:09:18.026,REYA,S,45.45,200
09:09:18.861,REYA,S,45.4,200
09:09:20.396,HSBC,B,79.6,700
09:09:25.584,APPL,B,119.95,400
09:09:27.532,GOOG,S,780.2,300
09:09:30.257,REYA,S,45.2,900
09:09:39.479,APPL,S,120.5,100
09:09:39.900,GOOG,B,779.65,1000
09:09:42.532,HSBC,B,79.75,800
09:09:43.426,APPL,B,119.85,1000
09:09:44.415,APPL,B,119.7,800
09:09:46.474,GOOG,S,780.15,300
09:09:46.844,REYA,B,44.6,1000
09:09:49.708,APPL,S,120.15,400
09:09:51.691,FDP,B,4.75,200
09:09:52.068,FDP,S,5.4,600
09:09:54.213,FDP,S,5.4,800
09:09:55.725,GOOG,S,780.5,500
09:09:59.300,APPL,B,119.75,700
09:10:01.847,GOOG,S,780.4,200
09:10:02.462,APPL,B,119.95,100
09:10:03.118,APPL,S,120.15,400
09:10:09.676,APPL,S,120.1,300
09:10:18.969,APPL,B,119.9,800
09:10:22.208,REYA,S,45.25,1000
09:10:23.396,GOOG,S,780.05,1000
09:10:25.010,GOOG,B,779.75,100
09:10:27.038,APPL,B,119.65,1000
09:10:29.694,HSBC,S,80.15,300
09:10:29.820,HSBC,B,79.7,1000
09:10:35.402,HSBC,B,79.95,700
09:10:35.930,HSBC,S,80.15,400
09:10:36.457,HSBC,B,79.65,300
09:10:37.804,HSBC,S,80.1,400
09:10:38.939,GOOG,S,780.2,700
09:10:41.278,REYA,S,45.35,300
09:10:49.825,GOOG,S,780.1,100
09:10:53.195,GOOG,B,779.7,300
09:10:53.404,GOOG,B,779.6,1000
09:10:57.433,FDP,S,5.5,400
09:11:01.083,HSBC,S,80.35,300
09:11:01.814,FDP,S,5.3,900
09:11:02.578,APPL,B,119.9,100
09:11:03.335,HSBC,S,80.35,600
09:11:04.653,REYA,S,45.35,300
09:11:06.696,FDP,B,4.7,600
09:11:11.038,REYA,S,45.15,800
09:11:14.355,REYA,S,45.35,900
09:11:14.365,REYA,S,45.3,400
09:11:16.466,REYA,S,45.45,100
09:11:17.604,FDP,S,5.5,400
09:11:22.901,GOOG,S,780.5,300
09:11:23.965,GOOG,B,779.5,200
09:11:24.280,FDP,B,4.8,200
09:11:27.006,HSBC,S,80.1,100
09:11:32.883,HSBC,B,79.75,600
09:11:36.325,FDP,B,4.75,200
09:11:51.897,REYA,B,44.9,300
09:11:54.293,FDP,S,5.1,400
09:11:56.041,APPL,B,119.5,200
09:12:01.494,APPL,B,119.95,1000
09:12:02.241,GOOG,B,779.6,700
09:12:09.768,APPL,S,120.45,700
09:12:11.035,REYA,S,45.3,500
09:12:16.061,HSBC,S,80.5,600
09:12:16.400,APPL,S,120.45,200
09:12:17.690,GOOG,B,779.65,400
09:12:28.087,GOOG,B,779.85,1000
09:12:28.861,HSBC,S,80.4,500
09:12:35.430,FDP,B,4.8,200
09:12:37.801,REYA,S,45.35,800
09:12:38.458,REYA,B,44.5,500
09:12:40.221,HSBC,S,80.2,600
09:12:40.863,APPL,B,119.95,500
09:12:42.341,HSBC,S,80.15,100
09:12:45.264,APPL,S,120.2,300
09:12:47.498,REYA,S,45.3,400
09:12:49.361,HSBC,S,80.3,1000
09:12:49.384,REYA,S,45.2,300
09:12:49.682,GOOG,S,780.45,400
09:12:55.549,APPL,B,119.5,300
09:12:56.296,REYA,S,45.1,100
09:13:00.023,HSBC,B,79.85,600
09:13:09.732,FDP,B,4.7,200
09:13:14.041,REYA,B,44.55,300
09:13:19.139,REYA,B,44.6,400
09:13:20.594,HSBC,S,80.5,600
09:13:21.101,GOOG,S,780.1,500
09:13:21.152,HSBC,S,80.4,100
09:13:22.031,HSBC,B,79.95,300
09:13:22.499,APPL,B,119.5,400
09:13:24.556,HSBC,B,79.9,400
09:13:24.818,APPL,B,119.9,500
09:13:26.505,REYA,B,44.85,100
09:13:31.715,APPL,S,120.15,400
09:13:32.833,REYA,B,44.85,400
09:13:35.065,APPL,B,119.6,800
09:13:38.391,GOOG,B,779.95,1000
09:13:43.580,HSBC,B,79.55,300
09:13:44.934,GOOG,B,779.7,400
09:13:51.912,HSBC,B,79.95,600
09:13:55.275,REYA,S,45.05,400
09:13:57.174,APPL,B,119.85,200
09:13:59.214,GOOG,S,780.4,100
09:14:01.391,APPL,S,120.25,600
09:14:02.381,FDP,S,5.35,1000
09:14:02.862,APPL,S,120.2,900
09:14:08.591,APPL,S,120.4,700
09:14:09.698,GOOG,S,780.4,200
09:14:10.095,GOOG,B,779.6,400
09:14:11.089,REYA,S,45.4,400
09:14:13.038,APPL,S,120.15,800
09:14:17.349,REYA,B,44.65,700
09:14:19.303,GOOG,B,779.65,1000
09:14:19.696,FDP,S,5.05,100
09:14:23.721,HSBC,S,80.4,900
09:14:25.959,APPL,B,119.75,900
09:14:42.472,GOOG,S,780.2,100
09:14:43.502,GOOG,S,780.25,1000
09:14:46.430,APPL,B,119.55,200
09:14:52.147,HSBC,S,80.5,800
09:14:55.069,REYA,B,44.65,300
09:15:03.191,HSBC,S,80.25,800
09:15:03.671,FDP,S,5.1,300
09:15:11.185,GOOG,S,780.15,700
09:15:11.579,GOOG,S,780.3,300
09:15:14.860,GOOG,S,780.05,600
09:15:15.564,REYA,S,45.5,100
09:15:16.637,REYA,S,45.15,1000
09:15:20.791,FDP,B,4.9,700
09:15:21.731,GOOG,S,780.1,200
09:15:23.608,REYA,B,44.75,600
09:15:25.751,GOOG,S,780.2,700
09:15:26.929,HSBC,B,79.85,900
09:15:33.228,REYA,B,44.95,700
09:15:33.608,HSBC,S,80.4,900
09:15:34.150,FDP,S,5.25,900
09:15:35.941,APPL,S,120.5,400
09:15:36.794,GOOG,B,779.7,600
09:15:40.753,HSBC,S,80.25,400
09:15:42.169,GOOG,S,780.35,100
09:15:44.541,FDP,B,4.7,100
09:15:49.148,FDP,S,5.35,400
09:15:50.574,GOOG,S,780.3,400
09:15:54.259,GOOG,S,780.35,300
09:15:56.739,HSBC,B,79.55,100
09:16:13.932,REYA,S,45.1,600
09:16:14.518,HSBC,B,79.9,600
09:16:16.130,APPL,B,119.65,400
09:16:18.230,GOOG,S,780.5,1000
09:16:18.475,GOOG,S,780.5,900
09:16:21.966,FDP,B,4.8,1000
09:16:22.081,REYA,S,45.3,800
09:16:24.067,HSBC,S,80.25,400
09:16:25.460,GOOG,S,780.4,400
09:16:25.529,GOOG,B,779.95,400
09:16:37.196,REYA,B,44.75,700
09:16:38.465,FDP,B,4.75,700
09:16:38.702,APPL,S,120.25,100
09:16:40.555,REYA,S,45.45,700
09:16:41.863,GOOG,S,780.5,400
09:16:42.010,REYA,B,44.9,700
09:16:47.606,APPL,B,119.5,900
09:16:53.626,APPL,S,120.1,400
09:16:57.560,HSBC,S,80.25,900
09:16:58.706,HSBC,B,79.75,300
09:16:58.769,FDP,S,5.35,600
09:17:00.687,REYA,S,45.05,200
09:17:01.828,GOOG,B,779.75,400
09:17:02.101,FDP,B,4.7,400
09:17:03.331,FDP,B,4.5,900
09:17:06.575,REYA,S,45.15,400
09:17:07.681,FDP,S,5.15,400
09:17:09.758,APPL,S,120.1,800
09:17:17.734,FDP,B,4.6,500
09:17:27.217,APPL,B,119.95,900
09:17:28.372,HSBC,S,80.1,300
09:17:30.343,HSBC,B,79.5,700
09:17:36.541,APPL,B,119.55,700
09:17:37.053,GOOG,B,779.7,100
09:17:39.413,APPL,B,119.6,200
09:17:40.793,HSBC,S,80.25,800
09:17:44.737,GOOG,B,779.95,500
09:17:47.665,HSBC,S,80.05,300
09:17:51.111,GOOG,B,779.55,600
09:17:54.775,GOOG,B,779.85,200
09:17:55.960,FDP,B,4.5,400
09:17:56.279,REYA,B,44.8,200
09:17:58.023,REYA,S,45.05,500
09:17:59.236,FDP,S,5.2,600
09:17:59.613,HSBC,S,80.25,100
09:18:02.745,REYA,S,45.35,600
09:18:03.813,GOOG,B,779.8,500
09:18:07.748,APPL,S,120.5,200
09:18:08.768,FDP,B,4.75,1000
09:18:10.980,HSBC,S,80.35,100
09:18:12.798,HSBC,S,80.4,600
09:18:21.770,HSBC,B,79.8,400
09:18:23.521,HSBC,B,79.85,900
09:18:23.690,GOOG,B,779.85,1000
09:18:24.706,HSBC,S,80.15,700
09:18:31.790,FDP,B,4.95,1000
09:18:32.126,REYA,B,44.75,200
09:18:33.643,APPL,S,120.35,500
09:18:35.176,REYA,B,44.6,500
09:18:40.626,HSBC,B,79.85,400
09:18:47.272,APPL,B,119.65,900
09:18:51.735,HSBC,S,80.05,600
09:18:56.950,FDP,S,5.15,900
09:19:04.646,HSBC,B,79.95,900
09:19:04.691,REYA,S,45.5,600
09:19:09.566,FDP,S,5.3,600
09:19:12.335,FDP,B,4.6,500
09:19:20.317,FDP,B,4.6,100
09:19:21.456,FDP,B,4.9,400
09:19:21.522,FDP,S,5.2,400
09:19:21.524,HSBC,B,79.95,800
09:19:21.616,REYA,S,45.05,1000
09:19:21.744,FDP,S,5.25,800
09:19:21.795,GOOG,S,780.2,300
09:19:28.728,HSBC,B,79.6,500
09:19:29.572,REYA,S,45.2,500
09:19:29.808,APPL,B,119.55,1000
09:19:29.820,GOOG,S,780.35,200
09:19:30.119,HSBC,B,79.65,1000
09:19:34.037,HSBC,S,80.3,800
09:19:35.184,HSBC,B,79.55,300
09:19:41.608,APPL,B,119.9,900
09:19:42.375,REYA,B,44.55,300
09:19:44.830,APPL,S,120.45,900
09:19:45.507,APPL,B,119.5,1000
09:19:45.959,APPL,S,120.35,500
09:19:46.869,REYA,B,44.55,600
09:19:49.160,APPL,S,120.35,400
09:19:53.774,APPL,S,120.1,600
09:19:54.409,REYA,B,44.55,400
09:19:54.413,REYA,S,45.35,600
09:19:57.626,REYA,S,45.1,800
09:19:59.194,APPL,B,119.65,300
09:19:59.851,REYA,S,45.05,900
09:20:01.378,GOOG,B,779.9,900
09:20:05.047,APPL,B,119.5,300
09:20:06.981,REYA,S,45.15,100
09:20:08.009,HSBC,S,80.25,300
09:20:10.428,REYA,B,44.9,400
09:20:11.431,FDP,B,4.6,100
09:20:14.080,FDP,B,4.55,300
09:20:14.591,GOOG,S,780.1,800
09:20:17.465,REYA,S,45.5,400
09:20:19.000,REYA,B,44.85,1000
09:20:21.928,GOOG,B,779.5,300
09:20:23.606,APPL,B,119.65,900
09:20:24.882,REYA,B,44.9,400
09:20:25.402,HSBC,B,79.65,100
09:20:25.705,REYA,B,44.65,200
09:20:27.918,APPL,S,120.05,500
09:20:29.923,GOOG,S,780.35,900
09:20:31.215,APPL,S,120.4,1000
09:20:34.964,FDP,B,4.75,700
09:20:38.815,HSBC,B,79.8,200
09:20:39.126,FDP,B,4.5,300
09:20:42.170,GOOG,B,779.65,400
09:20:42.651,FDP,S,5.05,400
09:20:47.983,GOOG,S,780.05,900
09:20:49.677,GOOG,B,779.8,400
09:20:53.004,GOOG,S,780.25,1000
09:20:53.059,FDP,S,5.05,300
09:20:55.666,APPL,B,119.55,600
09:20:55.675,GOOG,B,779.9,600
09:20:57.760,HSBC,B,79.55,1000
09:21:00.240,APPL,S,120.05,400
09:21:04.418,FDP,S,5.15,300
09:21:05.146,REYA,B,44.55,500
09:21:06.859,HSBC,S,80.4,100
09:21:16.854,FDP,B,4.6,200
09:21:20.823,REYA,B,44.7,500
09:21:23.531,HSBC,B,79.9,100
09:21:25.542,REYA,B,44.55,1000
09:21:26.535,REYA,B,44.9,200
09:21:27.239,HSBC,S,80.45,300
09:21:28.395,APPL,S,120.5,900
09:21:28.759,FDP,S,5.5,400
09:21:31.900,REYA,S,45.35,200
09:21:33.290,APPL,S,120.4,200
09:21:39.778,GOOG,B,779.6,300
09:21:40.332,REYA,B,44.95,300
09:21:51.113,APPL,S,120.2,500
09:21:52.467,HSBC,S,80.15,300
09:21:59.879,APPL,S,120.45,400
09:22:02.240,REYA,B,44.7,600
09:22:03.581,HSBC,B,79.55,900
09:22:05.859,HSBC,S,80.35,500
09:22:07.426,FDP,B,4.8,200
09:22:12.636,FDP,S,5.4,100
09:22:15.339,HSBC,S,80.15,700
09:22:21.570,APPL,B,119.85,600
09:22:37.681,FDP,B,4.65,700
09:22:38.258,GOOG,S,780.1,800
09:22:41.034,FDP,B,4.75,400
09:22:41.435,REYA,B,44.5,500
09:22:41.695,REYA,B,44.75,400
09:22:43.825,APPL,S,120.2,900
09:22:44.153,REYA,B,44.55,400
09:22:55.933,FDP,B,4.95,100
09:23:00.165,FDP,B,4.75,800
09:23:01.708,GOOG,S,780.15,1000
09:23:03.157,GOOG,B,779.65,1000
09:23:05.111,GOOG,S,780.45,500
09:23:05.820,REYA,B,44.6,100
09:23:05.908,GOOG,B,779.85,500
09:23:12.692,GOOG,S,780.15,600
09:23:19.182,APPL,B,119.6,800
09:23:20.086,HSBC,B,79.75,700
09:23:20.168,APPL,S,120.45,300
09:23:35.897,FDP,B,4.6,600
09:23:35.970,FDP,S,5.05,300
09:23:39.715,REYA,S,45.15,500
09:23:41.911,HSBC,B,79.5,600
09:23:43.645,FDP,B,4.95,200
09:23:46.011,REYA,S,45.2,400
09:23:48.445,HSBC,S,80.1,200
09:23:50.092,HSBC,B,79.7,500
09:24:11.469,HSBC,S,80.4,1000
09:24:11.656,FDP,B,4.55,700
09:24:11.998,HSBC,S,80.25,400
09:24:12.293,APPL,B,119.8,300
09:24:25.823,HSBC,S,80.1,700
09:24:29.757,FDP,B,4.55,1000
09:24:36.649,REYA,B,44.8,700
09:24:37.260,HSBC,B,79.85,300
09:24:44.101,APPL,B,119.65,600
09:24:44.821,GOOG,S,780.35,100
09:24:45.059,REYA,S,45.45,700
09:24:46.152,APPL,B,119.75,300
09:24:46.655,GOOG,S,780.4,1000
09:24:51.664,HSBC,S,80.25,800
09:24:53.706,GOOG,B,779.5,100
09:24:55.307,REYA,B,44.9,300
09:24:57.142,FDP,S,5.05,800
09:24:57.401,REYA,S,45.05,600
09:25:03.696,GOOG,S,780.2,400
09:25:03.866,GOOG,B,779.65,300
09:25:07.800,REYA,S,45.3,200
09:25:10.613,HSBC,S,80.4,300
09:25:10.921,REYA,B,44.65,200
09:25:14.918,GOOG,S,780.05,800
09:25:18.714,FDP,B,4.95,1000
09:25:22.202,GOOG,S,780.4,800
09:25:26.020,APPL,B,119.8,100
09:25:33.506,REYA,S,45.05,400
09:25:37.460,REYA,B,44.95,700
09:25:38.901,HSBC,B,79.55,400
09:25:41.069,GOOG,S,780.1,200
09:25:41.710,GOOG,B,779.7,500
09:25:43.945,GOOG,B,779.55,900
09:25:46.837,APPL,S,120.5,400
09:25:51.522,HSBC,S,80.25,1000
09:25:51.858,GOOG,S,780.3,500
09:25:54.702,HSBC,S,80.15,500
09:25:55.935,REYA,S,45.35,700
09:25:57.692,HSBC,B,79.65,900
09:25:57.881,APPL,S,120.3,100
09:25:59.064,HSBC,B,79.5,300
09:26:04.791,REYA,B,44.8,400
09:26:05.820,HSBC,B,79.9,100
09:26:09.505,HSBC,S,80.45,600
09:26:17.879,APPL,S,120.15,300
09:26:22.168,HSBC,S,80.3,200
09:26:23.962,FDP,S,5.3,300
09:26:27.985,REYA,S,45.2,700
09:26:28.217,HSBC,S,80.45,200
09:26:28.711,REYA,S,45.1,300
09:26:30.309,REYA,S,45.2,800
09:26:30.888,FDP,S,5.3,300
09:26:33.246,HSBC,B,79.8,400
09:26:35.019,GOOG,S,780.15,600
09:26:35.762,FDP,S,5.3,400
09:26:36.827,GOOG,S,780.45,100
09:26:42.527,REYA,S,45.3,500
09:26:42.612,GOOG,S,780.5,1000
09:26:46.717,FDP,B,4.7,1000
09:26:47.170,REYA,S,45.1,900
09:26:50.192,REYA,S,45.15,800
09:26:53.007,APPL,B,119.55,100
09:26:54.965,HSBC,B,79.95,200
09:26:56.295,FDP,S,5.2,800
09:26:57.092,GOOG,B,779.75,700
09:26:58.087,FDP,B,4.85,500
09:27:03.172,FDP,S,5.05,800
09:27:07.019,APPL,S,120.1,300
09:27:08.069,FDP,S,5.4,600
09:27:09.302,REYA,B,44.8,200
09:27:09.886,REYA,B,44.65,800
09:27:12.924,APPL,S,120.4,900
09:27:16.622,GOOG,B,779.7,600
09:27:24.901,APPL,S,120.35,200
09:27:28.472,FDP,S,5.4,700
09:27:32.720,GOOG,B,779.55,300
09:27:36.665,APPL,S,120.25,400
09:27:41.541,APPL,B,119.9,900
09:27:47.463,HSBC,B,79.7,1000
09:27:50.759,HSBC,B,79.75,100
09:27:51.608,FDP,S,5.1,200
09:27:55.782,HSBC,S,80.05,100
09:27:56.952,HSBC,S,80.05,1000
09:27:58.569,HSBC,S,80.15,200
09:28:00.101,HSBC,B,79.55,400
09:28:01.450,APPL,B,119.95,400
09:28:02.060,FDP,B,4.7,600
09:28:03.376,HSBC,S,80.1,1000
09:28:10.780,FDP,S,5.2,100
09:28:13.902,HSBC,S,80.05,600
09:28:17.346,REYA,B,44.65,1000
09:28:17.505,REYA,B,44.85,200
09:28:21.128,REYA,B,44.85,800
09:28:21.221,REYA,B,44.85,600
09:28:30.763,REYA,S,45.1,300
09:28:35.364,FDP,B,4.5,900
09:28:37.417,HSBC,B,79.85,400
09:28:39.808,REYA,S,45.1,100
09:28:50.696,HSBC,B,79.5,500
09:28:51.939,HSBC,S,80.4,100
09:28:52.135,HSBC,B,79.65,800
09:28:55.352,REYA,S,45.3,900
09:28:56.837,APPL,S,120.2,700
09:28:57.684,HSBC,S,80.35,600
09:28:58.003,FDP,B,4.75,1000
09:29:03.151,REYA,B,44.95,800
09:29:07.629,APPL,S,120.1,700
09:29:08.691,HSBC,B,79.85,1000
09:29:09.049,GOOG,B,779.8,1000
09:29:10.859,GOOG,S,780.05,100
09:29:19.330,GOOG,S,780.35,1000
09:29:19.560,APPL,B,119.5,700
09:29:22.763,FDP,B,4.7,800
09:29:25.832,HSBC,B,79.95,600
09:29:26.266,GOOG,B,779.7,300
09:29:28.689,REYA,B,44.65,200
09:29:30.767,HSBC,B,79.85,800
09:29:31.858,HSBC,S,80.1,700
09:29:32.868,APPL,B,119.95,300
09:29:34.198,HSBC,S,80.2,100
09:29:38.219,HSBC,S,80.15,800
09:29:38.897,FDP,S,5.45,500
09:29:43.126,HSBC,B,79.6,300
09:29:44.063,APPL,S,120.5,700
09:29:45.144,APPL,S,120.25,400
09:29:48.032,HSBC,S,80.5,200
09:29:50.254,REYA,B,44.9,400
09:29:51.507,APPL,B,119.85,1000
09:29:53.848,GOOG,S,780.3,1000
09:29:54.145,HSBC,S,80.45,500
09:29:54.563,FDP,S,5.2,200
09:29:55.115,HSBC,S,80.3,200
09:29:59.706,GOOG,B,779.95,200
09:30:03.009,APPL,B,119.55,500
09:30:03.100,FDP,S,5.05,400
09:30:04.863,GOOG,B,779.55,200
09:30:10.470,GOOG,B,779.7,700
09:30:13.092,FDP,S,5.45,100
09:30:17.534,APPL,S,120.25,500
09:30:23.174,GOOG,B,779.9,200
09:30:23.725,REYA,B,44.75,900
09:30:23.760,FDP,S,5.2,200
09:30:26.176,APPL,S,120.3,900
09:30:39.679,FDP,S,5.5,200
09:30:42.384,APPL,B,119.9,400
09:30:43.706,HSBC,B,79.65,400
09:30:43.715,HSBC,B,79.55,100
09:30:44.298,GOOG,B,779.8,1000
09:30:51.235,APPL,S,120.5,800
09:30:56.397,HSBC,B,79.6,700
09:30:57.640,GOOG,S,780.35,1000
09:31:02.360,GOOG,S,780.15,1000
09:31:02.489,APPL,S,120.05,600
09:31:11.868,APPL,S,120.3,600
09:31:13.472,REYA,S,45.25,300
09:31:15.114,REYA,S,45.5,600
09:31:17.423,HSBC,S,80.4,200
09:31:17.606,FDP,S,5.25,1000
09:31:18.047,HSBC,B,79.85,100
09:31:20.156,APPL,S,120.45,400
09:31:23.191,HSBC,B,79.8,100
09:31:24.045,HSBC,S,80.4,700
09:31:24.648,REYA,B,44.6,500
09:31:31.110,GOOG,B,779.8,900
09:31:32.910,REYA,B,44.5,1000
09:31:34.840,GOOG,B,779.6,900
09:31:35.156,FDP,B,4.9,400
09:31:35.670,APPL,B,119.55,100
09:31:38.142,APPL,B,119.55,800
09:31:40.081,APPL,B,119.55,100
09:31:40.992,GOOG,B,779.75,200
09:31:41.670,APPL,S,120.35,1000
09:31:42.161,HSBC,S,80.35,900
09:31:46.675,APPL,S,120.1,600
09:31:48.126,HSBC,S,80.15,600
09:31:49.234,HSBC,S,80.25,900
09:31:51.408,GOOG,B,779.85,600
09:31:55.143,GOOG,B,779.75,1000
09:31:55.414,HSBC,B,79.55,100
09:31:55.605,HSBC,B,79.9,300
09:32:01.362,APPL,B,119.8,700
09:32:01.537,APPL,S,120.15,100
09:32:04.714,HSBC,S,80.05,100
09:32:07.609,HSBC,S,80.25,1000
09:32:11.907,REYA,B,44.75,300
09:32:15.140,GOOG,B,779.85,200
09:32:15.796,FDP,S,5.3,400
09:32:17.315,FDP,S,5.15,1000
09:32:20.733,HSBC,B,79.5,200
09:32:22.123,APPL,S,120.15,900
09:32:22.878,GOOG,B,779.6,600
09:32:23.365,GOOG,S,780.5,900
09:32:24.060,APPL,B,119.8,900
09:32:26.953,GOOG,B,779.5,300
09:32:29.067,REYA,B,44.95,100
09:32:30.163,GOOG,B,779.5,700
09:32:35.337,REYA,B,44.85,200
09:32:38.547,APPL,S,120.1,700
09:32:38.694,APPL,S,120.45,800
09:32:39.287,FDP,B,4.95,100
09:32:40.405,REYA,S,45.2,600
09:32:42.064,GOOG,B,779.8,100
09:32:47.427,REYA,B,44.95,900
09:32:48.132,APPL,B,119.65,300
09:32:48.439,REYA,S,45.35,900
09:32:49.287,GOOG,S,780.05,500
09:32:49.603,GOOG,B,779.6,500
09:32:50.232,REYA,S,45.3,300
09:32:51.003,HSBC,S,80.1,500
09:32:55.403,REYA,S,45.45,100
09:32:59.847,HSBC,B,79.95,600
09:33:01.811,APPL,S,120.3,900
09:33:02.256,REYA,S,45.1,200
09:33:04.911,HSBC,B,79.65,200
09:33:09.512,APPL,S,120.1,300
09:33:12.265,GOOG,S,780.1,800
09:33:13.234,APPL,S,120.05,600
09:33:16.284,REYA,B,44.75,500
09:33:16.464,APPL,B,119.85,200
09:33:17.072,REYA,B,44.9,500
09:33:19.890,REYA,B,44.7,500
09:33:26.724,REYA,S,45.25,700
09:33:26.879,REYA,S,45.3,300
09:33:28.594,FDP,S,5.15,200
09:33:33.215,GOOG,S,780.45,700
09:33:34.833,HSBC,B,79.85,400
09:33:37.056,GOOG,S,780.5,700
09:33:40.887,APPL,B,119.85,300
09:33:42.950,HSBC,B,79.8,900
09:33:44.168,GOOG,B,779.75,400
09:33:44.690,FDP,B,4.55,600
09:33:47.711,REYA,B,44.6,500
09:33:48.052,HSBC,B,79.65,800
09:33:48.842,GOOG,B,779.75,500
09:33:53.283,HSBC,B,79.85,200
09:34:02.658,APPL,S,120.5,600
09:34:13.319,FDP,B,4.65,800
09:34:13.665,GOOG,B,779.65,200
09:34:22.010,GOOG,B,779.5,400
09:34:23.746,REYA,B,44.7,700
09:34:28.991,GOOG,B,779.9,1000
09:34:30.053,GOOG,S,780.4,400
09:34:30.652,FDP,S,5.3,700
09:34:32.657,APPL,S,120.35,700
09:34:34.255,HSBC,B,79.8,500
09:34:43.022,HSBC,B,79.8,100
09:34:47.790,FDP,S,5.45,200
09:34:48.368,APPL,S,120.25,400
09:34:49.001,FDP,S,5.15,100
09:34:51.499,REYA,B,44.55,400
09:34:58.364,GOOG,S,780.4,400
09:35:00.120,FDP,S,5.45,500
09:35:00.565,FDP,S,5.05,600
09:35:04.777,HSBC,B,79.65,900
09:35:08.614,HSBC,S,80.1,800
09:35:16.285,FDP,B,4.7,100
09:35:16.860,HSBC,B,79.95,1000
09:35:17.410,APPL,B,119.85,800
09:35:19.362,HSBC,S,80.35,300
09:35:27.763,GOOG,B,779.65,600
09:35:27.763,HSBC,B,79.9,400
09:35:29.197,REYA,B,44.85,1000
09:35:38.388,FDP,S,5.1,100
09:35:39.829,GOOG,B,779.55,100
09:35:41.509,APPL,S,120.25,200
09:35:43.386,GOOG,B,779.85,1000
09:35:43.521,APPL,S,120.4,300
09:35:47.761,GOOG,B,779.55,600
09:35:48.491,FDP,S,5.05,700
09:35:48.760,REYA,S,45.2,700
09:35:49.935,HSBC,B,79.5,500
09:35:51.344,FDP,B,4.75,400
09:35:52.027,REYA,B,44.5,800
09:36:00.509,HSBC,B,79.85,100
09:36:01.784,GOOG,S,780.25,500
09:36:08.294,REYA,B,44.85,800
09:36:10.661,HSBC,B,79.5,600
09:36:11.742,GOOG,S,780.35,200
09:36:14.974,FDP,S,5.5,100
09:36:16.028,REYA,S,45.3,200
09:36:17.892,REYA,S,45.3,900
09:36:20.920,APPL,B,119.7,200
09:36:23.885,FDP,B,4.65,800
09:36:24.437,HSBC,B,79.6,600
09:36:24.956,GOOG,B,779.55,300
09:36:26.861,HSBC,B,79.85,600
09:36:27.438,APPL,S,120.1,900
09:36:28.267,APPL,S,120.05,900
09:36:30.133,REYA,B,44.6,100
09:36:36.807,FDP,B,4.7,300
09:36:37.787,FDP,B,4.85,1000
09:36:38.686,GOOG,B,779.95,200
09:36:38.747,FDP,B,4.9,700
09:36:39.835,APPL,S,120.25,400
09:36:41.480,HSBC,S,80.35,400
09:36:42.612,FDP,S,5.15,300
09:36:44.538,APPL,B,119.95,100
09:36:45.490,GOOG,B,779.85,100
09:36:48.471,FDP,B,4.7,900
09:36:50.306,FDP,S,5.25,500
09:36:52.258,HSBC,S,80.35,100
09:36:57.429,REYA,B,44.9,800
09:37:02.368,APPL,S,120.45,1000
09:37:03.015,HSBC,S,80.4,600
09:37:05.148,REYA,B,44.7,700
09:37:06.831,HSBC,B,79.55,900
09:37:07.223,APPL,S,120.45,800
09:37:10.088,REYA,B,44.6,400
09:37:10.658,FDP,S,5.5,700
09:37:12.000,FDP,S,5.25,900
09:37:12.138,FDP,B,4.7,500
09:37:18.376,REYA,B,44.55,400
09:37:19.453,FDP,S,5.1,500
09:37:20.926,HSBC,S,80.1,300
09:37:22.790,APPL,B,119.55,800
09:37:27.895,FDP,S,5.25,800
09:37:28.816,GOOG,B,779.55,200
09:37:29.914,APPL,S,120.3,1000
09:37:33.845,APPL,B,119.85,700
09:37:42.476,GOOG,B,779.6,800
09:37:47.867,HSBC,B,79.55,700
09:37:48.481,REYA,B,44.85,600
09:37:48.775,APPL,B,119.85,1000
09:37:51.005,REYA,B,44.6,200
09:37:51.606,REYA,B,44.55,100
09:37:52.438,GOOG,B,779.95,800
09:37:59.402,FDP,B,4.5,300
09:37:59.752,APPL,S,120.4,500
09:38:01.372,HSBC,S,80.3,500
09:38:03.217,FDP,S,5.4,400
09:38:07.975,GOOG,S,780.3,800
09:38:08.266,APPL,S,120.4,300
09:38:08.792,HSBC,S,80.35,600
09:38:10.004,APPL,B,119.7,200
09:38:10.577,FDP,B,4.6,700
09:38:14.103,APPL,S,120.4,200
09:38:14.263,FDP,B,4.7,100
09:38:15.076,HSBC,B,79.75,100
09:38:15.370,REYA,S,45.2,900
09:38:15.683,APPL,S,120.05,200
09:38:16.338,FDP,B,4.8,100
09:38:16.777,APPL,B,119.75,900
09:38:18.855,GOOG,S,780.15,300
09:38:19.032,FDP,S,5.5,100
09:38:21.399,FDP,S,5.15,400
09:38:22.090,FDP,S,5.45,100
09:38:23.416,APPL,S,120.05,900
09:38:24.918,FDP,B,4.5,100
09:38:25.378,REYA,S,45.2,600
09:38:27.896,REYA,B,44.75,500
09:38:28.098,REYA,S,45.4,600
09:38:29.945,FDP,S,5.1,300
09:38:31.770,FDP,S,5.4,400
09:38:34.924,APPL,B,119.55,500
09:38:37.870,GOOG,S,780.35,1000
09:38:38.364,HSBC,B,79.75,900
09:38:49.067,APPL,B,119.55,600
09:38:50.671,APPL,B,119.95,900
09:38:51.595,GOOG,S,780.15,300
09:38:57.398,HSBC,S,80.4,700
09:38:57.902,HSBC,S,80.4,600
09:39:00.544,FDP,S,5.35,500
09:39:06.171,REYA,S,45.25,1000
09:39:09.732,FDP,S,5.4,400
09:39:12.297,FDP,B,4.95,900
09:39:15.511,REYA,S,45.35,100
09:39:21.436,APPL,S,120.3,600
09:39:27.320,GOOG,S,780.3,700
09:39:31.753,FDP,S,5.45,700
09:39:34.388,REYA,S,45.25,400
09:39:34.612,APPL,B,119.6,700
09:39:39.589,GOOG,S,780.05,300
09:39:41.158,APPL,B,119.6,1000
09:39:43.077,APPL,S,120.25,900
09:39:43.658,REYA,S,45.35,700
09:39:47.141,REYA,S,45.4,1000
09:39:49.529,FDP,S,5.45,600
09:39:56.808,REYA,B,44.5,600
09:39:57.364,GOOG,S,780.2,1000
09:40:02.996,GOOG,S,780.3,100
09:40:03.233,APPL,B,119.75,500
09:40:07.490,HSBC,B,79.65,500
09:40:09.402,REYA,B,44.85,700
09:40:11.217,HSBC,B,79.85,700
09:40:13.476,FDP,B,4.5,500
09:40:14.315,REYA,S,45.3,100
09:40:14.360,REYA,S,45.45,500
09:40:14.982,REYA,S,45.1,400
09:40:16.522,APPL,S,120.05,900
09:40:23.382,HSBC,B,79.95,400
09:40:28.826,REYA,B,44.75,100
09:40:29.979,REYA,B,44.95,700
09:40:30.032,FDP,B,4.75,1000
09:40:32.337,FDP,S,5.1,700
09:40:36.607,FDP,S,5.15,800
09:40:37.339,GOOG,S,780.3,400
09:40:42.843,GOOG,S,780.3,300
09:40:45.216,GOOG,B,779.9,500
09:40:46.349,FDP,S,5.5,1000
09:40:48.439,APPL,S,120.45,500
09:40:53.150,REYA,B,44.9,100
09:40:53.215,HSBC,B,79.65,900
09:40:54.673,APPL,S,120.15,1000
09:40:58.601,FDP,B,4.85,100
09:41:00.565,APPL,B,119.9,700
09:41:02.072,FDP,B,4.55,100
09:41:03.381,HSBC,S,80.45,600
09:41:03.874,REYA,S,45.4,500
09:41:04.996,FDP,S,5.5,1000
09:41:07.257,APPL,S,120.5,300
09:41:08.672,REYA,B,44.85,700
09:41:09.371,GOOG,S,780.05,800
09:41:10.272,GOOG,S,780.2,500
09:41:10.768,APPL,S,120.1,600
09:41:11.156,APPL,S,120.4,100
09:41:12.697,REYA,B,44.7,100
09:41:14.924,REYA,S,45.25,300
09:41:15.870,GOOG,B,779.5,700
09:41:17.952,HSBC,S,80.45,100
09:41:19.809,APPL,B,119.95,300
09:41:20.230,HSBC,B,79.8,400
09:41:21.053,HSBC,S,80.4,300
09:41:25.066,FDP,S,5.4,100
09:41:26.059,FDP,S,5.25,700
09:41:26.178,GOOG,B,779.65,500
09:41:27.321,FDP,B,4.75,500
09:41:30.107,REYA,B,44.75,1000
09:41:31.576,HSBC,S,80.25,300
09:41:32.087,APPL,S,120.35,200
09:41:37.974,REYA,B,44.75,900
09:41:38.950,APPL,S,120.4,500
09:41:48.091,FDP,B,4.65,600
09:41:49.001,HSBC,B,79.85,900
09:41:50.772,REYA,B,44.5,600
09:41:51.093,APPL,B,119.6,500
09:41:51.645,FDP,S,5.45,800
09:41:54.100,APPL,B,119.9,1000
09:41:59.351,GOOG,S,780.25,800
09:42:07.923,HSBC,S,80.3,200
09:42:08.325,REYA,S,45.15,900
09:42:13.675,REYA,S,45.45,100
09:42:16.838,REYA,S,45.2,900
09:42:24.102,FDP,B,4.7,800
09:42:26.171,REYA,S,45.15,300
09:42:29.181,HSBC,S,80.3,600
09:42:31.329,GOOG,S,780.05,100
09:42:34.687,FDP,B,4.95,800
09:42:36.142,GOOG,S,780.3,300
09:42:36.811,GOOG,B,779.85,200
09:42:38.516,GOOG,B,779.55,900
09:42:39.727,GOOG,S,780.45,400
09:42:42.089,HSBC,S,80.5,300
09:42:43.573,GOOG,B,779.8,900
09:42:44.612,HSBC,B,79.9,600
09:42:44.848,FDP,B,4.95,200
09:42:45.436,FDP,S,5.4,300
09:42:45.479,GOOG,S,780.5,400
09:42:45.841,GOOG,S,780.1,200
09:42:47.807,APPL,B,119.75,300
09:42:48.691,HSBC,B,79.8,800
09:42:50.274,FDP,B,4.75,800
09:42:52.170,APPL,S,120.25,600
09:42:52.205,REYA,S,45.4,100
09:42:52.339,HSBC,B,79.9,600
09:42:52.866,GOOG,B,779.8,900
09:43:01.588,FDP,S,5.35,400
09:43:01.779,APPL,B,119.6,100
09:43:06.515,APPL,B,119.75,100
09:43:09.651,HSBC,B,79.95,300
09:43:10.200,GOOG,B,779.9,1000
09:43:13.559,REYA,S,45.4,300
09:43:13.780,FDP,B,4.8,400
09:43:15.411,GOOG,B,779.6,500
09:43:18.139,FDP,S,5.3,900
09:43:19.682,REYA,S,45.5,800
09:43:24.513,APPL,B,119.95,300
09:43:26.427,FDP,S,5.1,500
09:43:26.994,FDP,S,5.25,100
09:43:30.483,HSBC,B,79.7,300
09:43:32.534,FDP,B,4.8,100
09:43:33.264,APPL,S,120.15,400
09:43:33.586,APPL,B,119.7,200
09:43:34.825,GOOG,B,779.65,600
09:43:36.701,APPL,B,119.55,600
09:43:38.139,REYA,S,45.1,700
09:43:38.790,GOOG,S,780.4,400
09:43:42.084,APPL,B,119.85,200
09:43:43.721,FDP,S,5.5,300
09:43:43.994,FDP,B,4.75,500
09:43:44.428,REYA,B,44.6,600
09:43:47.103,REYA,S,45.05,400
09:43:50.346,FDP,S,5.35,1000
09:43:54.127,APPL,S,120.45,600
09:43:55.766,GOOG,B,779.95,300
09:43:57.604,GOOG,B,779.9,600
09:43:59.181,HSBC,B,79.55,200
09:44:03.932,GOOG,B,779.9,600
09:44:04.626,APPL,B,119.6,100
09:44:05.356,HSBC,B,79.8,400
09:44:07.057,FDP,B,4.55,100
09:44:09.043,FDP,B,4.75,300
09:44:09.929,REYA,S,45.45,300
09:44:14.187,APPL,B,119.7,900
09:44:20.262,REYA,B,44.65,500
09:44:20.421,REYA,S,45.25,700
09:44:20.570,FDP,S,5.15,1000
09:44:22.823,FDP,S,5.4,400
09:44:33.397,APPL,S,120.05,900
09:44:34.023,HSBC,B,79.95,300
09:44:35.637,APPL,B,119.5,800
09:44:36.122,FDP,S,5.15,500
09:44:37.835,APPL,S,120.4,700
09:44:38.013,FDP,B,4.65,400
09:44:45.035,REYA,S,45.3,100
09:44:49.298,APPL,S,120.35,500
09:44:49.456,GOOG,S,780.05,900
09:44:50.585,GOOG,S,780.5,200
09:44:51.520,GOOG,S,780.4,400
09:44:58.640,HSBC,B,79.55,600
09:45:04.201,FDP,S,5.15,100
09:45:04.768,HSBC,B,79.5,500
09:45:05.425,GOOG,B,779.85,300
09:45:07.056,HSBC,B,79.7,900
09:45:16.330,GOOG,S,780.5,500
09:45:19.558,HSBC,S,80.4,400
09:45:19.935,HSBC,B,79.75,900
09:45:27.128,FDP,B,4.65,800
09:45:27.199,APPL,S,120.35,600
09:45:30.380,APPL,S,120.3,800
09:45:36.343,FDP,B,4.7,700
09:45:45.360,HSBC,B,79.65,200
09:45:50.245,FDP,S,5.25,100
09:45:52.367,APPL,S,120.5,400
09:45:53.936,REYA,S,45.45,700
09:45:54.332,GOOG,S,780.45,900
09:45:54.425,REYA,B,44.6,500
09:45:54.863,APPL,B,119.85,300
09:45:54.976,HSBC,S,80.2,500
09:45:54.998,HSBC,S,80.3,800
09:45:57.981,FDP,B,4.65,100
09:46:03.641,APPL,B,119.95,1000
09:46:09.721,GOOG,B,779.85,200
09:46:10.486,HSBC,S,80.4,200
09:46:11.061,FDP,B,4.95,700
09:46:12.095,APPL,S,120.4,200
09:46:12.221,REYA,B,44.9,700
09:46:13.182,GOOG,S,780.45,100
09:46:14.844,FDP,S,5.35,500
09:46:14.955,GOOG,B,779.75,600
09:46:26.821,APPL,S,120.3,1000
09:46:36.643,FDP,B,4.9,500
09:46:37.174,GOOG,B,779.95,300
09:46:37.480,REYA,B,44.7,300
09:46:40.093,REYA,S,45.05,700
09:46:42.229,HSBC,S,80.1,100
09:46:42.363,HSBC,S,80.25,1000
09:46:45.749,GOOG,B,779.5,600
09:46:47.745,REYA,B,44.9,500
09:46:48.740,APPL,S,120.1,800
09:46:49.280,REYA,B,44.8,600
09:46:50.089,APPL,S,120.3,300
09:46:52.984,REYA,S,45.1,400
09:46:57.786,HSBC,S,80.35,800
09:47:01.746,HSBC,S,80.5,900
09:47:03.851,APPL,B,119.55,100
09:47:07.170,REYA,B,44.95,800
09:47:08.363,REYA,B,44.8,900
09:47:13.314,GOOG,B,779.6,100
09:47:17.757,GOOG,S,780.25,300
09:47:20.227,APPL,S,120.45,400
09:47:22.157,REYA,B,44.55,400
09:47:23.296,REYA,S,45.3,1000
09:47:25.494,APPL,S,120.1,1000
09:47:27.974,FDP,S,5.35,400
09:47:31.092,REYA,B,44.65,1000
09:47:32.851,HSBC,S,80.3,900
09:47:34.844,GOOG,B,779.55,900
09:47:35.074,GOOG,B,779.6,200
09:47:41.207,FDP,S,5.45,300
09:47:42.730,FDP,B,4.6,400
09:47:50.874,APPL,B,119.75,200
09:47:51.394,HSBC,S,80.2,100
09:47:57.759,APPL,B,119.55,500
09:47:59.474,REYA,B,44.75,1000
09:48:00.048,FDP,S,5.25,400
09:48:01.089,GOOG,S,780.35,600
09:48:03.984,GOOG,B,779.5,200
09:48:05.893,GOOG,B,779.95,900
09:48:08.272,GOOG,B,779.7,500
09:48:13.376,FDP,B,4.75,500
09:48:17.075,REYA,B,44.7,300
09:48:17.375,APPL,S,120.1,900
09:48:19.159,APPL,S,120.2,900
09:48:19.579,HSBC,B,79.9,500
09:48:25.927,REYA,S,45.2,300
09:48:26.126,REYA,S,45.4,400
09:48:28.385,HSBC,B,79.8,1000
09:48:28.906,FDP,S,5.1,600
09:48:29.801,REYA,B,44.75,800
09:48:31.889,APPL,S,120.4,800
09:48:35.268,GOOG,S,780.25,200
09:48:37.749,REYA,B,44.65,900
09:48:40.930,REYA,S,45.4,200
09:48:42.955,HSBC,S,80.35,800
09:48:45.861,HSBC,S,80.15,300
09:48:56.424,GOOG,S,780.2,900
09:48:56.797,REYA,B,44.95,300
09:49:01.237,GOOG,B,779.7,300
09:49:01.615,HSBC,B,79.7,900
09:49:02.347,REYA,S,45.3,300
09:49:08.553,REYA,B,44.65,700
09:49:08.872,GOOG,B,779.7,100
09:49:12.248,GOOG,S,780.15,500
09:49:12.569,APPL,S,120.15,1000
09:49:13.458,HSBC,S,80.3,400
09:49:18.936,HSBC,B,79.95,900
09:49:19.109,FDP,S,5.05,800
09:49:19.509,APPL,B,119.7,700
09:49:20.345,GOOG,S,780.05,900
09:49:21.026,APPL,S,120.1,100
09:49:21.067,GOOG,B,779.65,500
09:49:26.891,REYA,B,44.95,100
09:49:30.528,HSBC,S,80.3,300
09:49:38.686,APPL,S,120.45,400
09:49:39.688,REYA,S,45.3,700
09:49:41.612,GOOG,B,779.95,1000
09:49:42.631,HSBC,S,80.25,600
09:49:45.418,GOOG,B,779.65,400
09:49:48.318,FDP,S,5.25,100
09:49:54.095,GOOG,S,780.05,100
09:49:54.111,HSBC,S,80.3,500
09:49:57.410,GOOG,S,780.1,100
09:49:59.813,FDP,B,4.8,400
09:50:00.264,FDP,S,5.5,800
09:50:02.180,FDP,S,5.05,900
09:50:07.582,FDP,S,5.4,200
09:50:20.371,APPL,S,120.1,200
09:50:22.777,REYA,B,44.65,700
09:50:24.200,GOOG,S,780.25,500
09:50:24.691,HSBC,S,80.35,500
09:50:24.770,APPL,B,119.95,1000
09:50:30.056,APPL,S,120.35,700
09:50:30.652,APPL,S,120.4,700
09:50:31.259,HSBC,S,80.25,600
09:50:32.925,GOOG,B,779.8,200
09:50:33.962,HSBC,B,79.8,700
09:50:35.439,GOOG,S,780.3,500
09:50:38.867,GOOG,B,779.5,700
09:50:42.879,GOOG,S,780.25,700
09:50:46.839,FDP,S,5.3,200
09:50:53.593,HSBC,B,79.75,200
09:50:55.628,GOOG,B,779.7,300
09:50:55.982,REYA,S,45.45,1000
09:51:01.796,GOOG,S,780.25,900
09:51:04.490,HSBC,B,79.6,200
09:51:08.150,GOOG,S,780.3,200
09:51:08.274,FDP,S,5.2,200
09:51:08.630,REYA,S,45.05,200
09:51:11.241,FDP,B,4.65,200
09:51:15.587,GOOG,B,779.6,200
09:51:16.834,FDP,B,4.55,1000
09:51:18.683,APPL,B,119.5,300
09:51:19.301,APPL,S,120.25,500
09:51:20.916,HSBC,S,80.05,100
09:51:24.204,FDP,S,5.3,500
09:51:25.784,GOOG,B,779.95,1000
09:51:28.323,FDP,S,5.05,400
09:51:29.523,HSBC,B,79.9,300
09:51:30.342,FDP,S,5.2,200
09:51:31.699,HSBC,S,80.3,500
09:51:34.036,GOOG,S,780.45,800
09:51:34.717,GOOG,B,779.9,500
09:51:35.495,REYA,S,45.2,900
09:51:37.395,HSBC,B,79.7,1000
09:51:38.751,FDP,S,5.5,900
09:51:39.938,GOOG,S,780.1,1000
09:51:40.517,REYA,S,45.2,500
09:51:42.001,APPL,S,120.1,1000
09:51:44.535,HSBC,S,80.25,300
09:51:44.777,REYA,S,45.25,600
09:51:46.510,GOOG,B,779.6,600
09:51:48.744,REYA,S,45.15,900
09:51:48.858,REYA,S,45.4,200
09:51:49.712,HSBC,B,79.5,400
09:51:49.718,GOOG,S,780.05,900
09:51:51.601,GOOG,S,780.35,400
09:51:54.822,APPL,S,120.5,300
09:51:55.512,HSBC,B,79.6,400
09:51:57.253,APPL,S,120.05,100
09:51:59.965,APPL,B,119.85,200
09:52:01.369,FDP,B,4.7,900
09:52:01.497,HSBC,B,79.5,700
09:52:03.354,HSBC,B,79.65,400
09:52:07.498,GOOG,S,780.25,100
09:52:09.824,FDP,S,5.1,600
09:52:11.688,GOOG,B,779.55,300
09:52:13.201,APPL,S,120.05,200
09:52:17.449,REYA,S,45.05,100
09:52:20.453,HSBC,B,79.95,600
09:52:22.546,GOOG,B,779.75,700
09:52:24.696,HSBC,S,80.25,300
09:52:30.515,REYA,B,44.5,700
09:52:31.720,HSBC,S,80.2,600
09:52:33.771,HSBC,S,80.05,1000
09:52:37.484,GOOG,S,780.5,300
09:52:40.438,APPL,S,120.2,100
09:52:41.651,APPL,S,120.1,500
09:52:41.868,FDP,S,5.1,1000
09:52:42.941,HSBC,B,79.95,200
09:52:44.090,APPL,B,119.95,200
09:52:44.259,GOOG,S,780.35,100
09:52:47.711,GOOG,S,780.2,100
09:52:48.860,HSBC,B,79.8,400
09:52:52.644,APPL,S,120.45,500
09:52:52.728,REYA,S,45.2,600
09:52:56.116,REYA,B,44.85,800
09:52:56.803,APPL,B,119.8,100
09:52:57.634,GOOG,S,780.25,800
09:52:57.851,HSBC,B,79.55,800
09:52:59.187,REYA,B,44.55,900
09:53:03.151,GOOG,B,779.9,500
09:53:03.808,HSBC,B,79.75,200
09:53:12.458,HSBC,S,80.1,900
09:53:14.918,FDP,S,5.4,500
09:53:19.411,APPL,S,120.5,1000
09:53:20.689,HSBC,S,80.4,500
09:53:23.436,HSBC,B,79.85,600
09:53:24.971,GOOG,S,780.25,500
09:53:32.739,HSBC,B,79.6,200
09:53:34.994,GOOG,B,779.85,1000
09:53:36.972,HSBC,B,79.85,100
09:53:41.529,HSBC,S,80.5,300
09:53:49.269,APPL,B,119.8,1000
09:53:49.838,HSBC,B,79.9,400
09:53:51.035,HSBC,S,80.15,900
09:53:51.333,FDP,S,5.3,500
09:53:51.669,APPL,B,119.65,400
09:53:57.875,HSBC,B,79.5,700
09:53:59.030,REYA,B,44.8,900
09:54:00.639,HSBC,B,79.9,400
09:54:01.377,APPL,B,119.85,100
09:54:01.654,GOOG,B,779.9,100
09:54:02.430,FDP,B,4.9,300
09:54:05.594,FDP,B,4.85,1000
09:54:08.187,REYA,S,45.3,100
09:54:10.554,APPL,S,120.4,1000
09:54:11.048,HSBC,S,80.45,200
09:54:11.963,GOOG,B,779.65,600
09:54:13.060,APPL,B,119.55,600
09:54:14.033,APPL,S,120.05,400
09:54:14.811,REYA,B,44.7,100
09:54:15.422,GOOG,B,779.8,300
09:54:19.254,FDP,B,4.7,400
09:54:20.111,APPL,B,119.6,900
09:54:20.235,REYA,S,45.45,400
09:54:21.921,APPL,B,119.85,300
09:54:22.449,APPL,S,120.2,1000
09:54:22.992,FDP,S,5.25,1000
09:54:23.411,APPL,B,119.5,1000
09:54:23.829,APPL,B,119.9,800
09:54:30.069,REYA,B,44.7,800
09:54:31.961,HSBC,B,79.8,800
09:54:34.325,REYA,B,44.55,200
09:54:37.807,REYA,S,45.2,700
09:54:37.968,APPL,S,120.3,800
09:54:46.178,APPL,B,119.55,1000
09:54:48.879,FDP,S,5.2,600
09:54:50.967,GOOG,B,779.95,200
09:54:52.308,HSBC,B,79.9,300
09:54:53.087,REYA,S,45.3,1000
09:54:53.992,FDP,B,4.65,800
09:54:54.276,FDP,S,5.05,1000
09:55:02.151,HSBC,S,80.25,200
09:55:10.948,APPL,B,119.5,400
09:55:11.139,FDP,S,5.35,300
09:55:11.317,GOOG,S,780.5,500
09:55:14.910,FDP,B,4.7,900
09:55:15.908,GOOG,S,780.05,300
09:55:18.136,APPL,B,119.75,500
09:55:19.148,REYA,S,45.05,900
09:55:21.774,FDP,B,4.9,200
09:55:22.549,APPL,S,120.05,700
09:55:22.772,GOOG,S,780.25,400
09:55:27.950,REYA,B,44.6,400
09:55:28.303,APPL,B,119.95,700
09:55:29.606,FDP,B,4.75,700
09:55:30.669,FDP,S,5.3,800
09:55:30.727,FDP,S,5.35,900
09:55:37.186,REYA,S,45.35,100
09:55:37.542,HSBC,B,79.5,700
09:55:38.598,REYA,B,44.75,400
09:55:38.633,HSBC,B,79.8,500
09:55:48.596,APPL,S,120.05,800
09:55:48.822,GOOG,S,780.1,300
09:55:49.275,GOOG,B,779.7,1000
09:55:50.730,APPL,S,120.35,800
09:55:51.216,APPL,S,120.15,1000
09:55:52.416,HSBC,B,79.95,100
09:55:52.898,FDP,B,4.7,300
09:55:53.477,APPL,S,120.05,800
09:55:54.481,FDP,S,5.2,800
09:55:56.546,GOOG,S,780.15,1000
09:55:56.831,FDP,S,5.35,800
09:55:58.648,APPL,S,120.25,1000
09:56:00.922,APPL,B,119.7,1000
09:56:05.728,REYA,B,44.9,100
09:56:06.019,FDP,S,5.45,1000
09:56:07.094,APPL,B,119.8,900
09:56:09.469,HSBC,S,80.5,700
09:56:11.920,APPL,S,120.3,400
09:56:14.865,APPL,S,120.25,200
09:56:15.439,HSBC,B,79.6,1000
09:56:15.977,FDP,S,5.45,600
09:56:16.848,APPL,S,120.25,1000
09:56:21.458,APPL,B,119.65,700
09:56:24.788,REYA,B,44.95,1000
09:56:26.403,FDP,S,5.45,800
09:56:30.527,HSBC,B,79.75,200
09:56:33.229,GOOG,S,780.4,600
09:56:33.975,REYA,S,45.05,400
09:56:33.985,GOOG,B,779.8,1000
09:56:45.066,REYA,B,44.9,600
09:56:46.893,GOOG,B,779.9,400
09:56:47.043,GOOG,B,779.65,1000
09:56:49.619,REYA,B,44.55,700
09:56:50.801,REYA,S,45.4,500
09:56:53.612,FDP,S,5.25,400
09:56:58.569,HSBC,S,80.4,300
09:56:59.056,FDP,B,4.6,400
09:56:59.482,GOOG,S,780.3,300
09:57:01.290,REYA,S,45.15,800
09:57:07.873,GOOG,S,780.25,900
09:57:12.971,FDP,S,5.35,200
09:57:16.562,HSBC,B,79.95,900
09:57:20.811,GOOG,S,780.5,900
09:57:21.648,GOOG,S,780.25,400
09:57:22.857,APPL,B,119.85,900
09:57:23.266,APPL,S,120.15,1000
09:57:27.838,GOOG,B,779.55,200
09:57:28.572,APPL,B,119.6,700
09:57:31.348,FDP,B,4.75,300
09:57:32.447,FDP,B,4.55,700
09:57:32.622,APPL,B,119.7,600
09:57:32.667,HSBC,B,79.65,900
09:57:33.281,REYA,S,45.4,300
09:57:33.765,GOOG,B,779.7,700
09:57:38.096,APPL,S,120.3,400
09:57:40.051,REYA,B,44.75,700
09:57:46.200,APPL,S,120.3,300
09:57:50.082,REYA,B,44.75,300
09:57:51.191,HSBC,S,80.15,800
09:57:51.936,APPL,B,119.85,600
09:57:56.029,HSBC,B,79.55,700
09:57:56.453,APPL,S,120.5,200
09:57:57.026,GOOG,B,779.55,1000
09:57:59.354,HSBC,S,80.45,700
09:58:00.114,REYA,S,45.1,500
09:58:00.625,FDP,B,4.65,200
09:58:05.027,GOOG,B,779.75,300
09:58:06.091,APPL,S,120.2,600
09:58:10.433,GOOG,B,779.9,600
09:58:13.646,APPL,B,119.7,100
09:58:15.908,FDP,B,4.5,500
09:58:17.382,REYA,S,45.2,900
09:58:20.194,FDP,B,4.9,200
09:58:21.615,REYA,B,44.7,1000
09:58:29.661,FDP,S,5.25,1000
09:58:32.217,REYA,S,45.35,500
09:58:34.850,FDP,B,4.55,100
09:58:37.280,FDP,B,4.55,400
09:58:37.721,REYA,S,45.5,400
09:58:37.916,REYA,B,44.85,700
09:58:41.512,FDP,S,5.5,800
09:58:43.558,APPL,B,119.65,500
09:58:51.203,APPL,B,119.8,400
09:58:51.361,REYA,S,45.3,200
09:58:58.406,FDP,S,5.4,300
09:58:59.838,FDP,B,4.8,1000
09:59:04.879,GOOG,B,779.8,600
09:59:06.813,GOOG,S,780.3,1000
09:59:07.664,HSBC,S,80.05,1000
09:59:12.100,HSBC,B,79.65,100
09:59:22.966,GOOG,B,779.85,500
09:59:29.080,HSBC,S,80.4,700
09:59:30.707,REYA,B,44.7,900
09:59:34.160,FDP,S,5.4,700
09:59:37.738,APPL,S,120.3,500
09:59:39.700,GOOG,S,780.25,100
09:59:40.489,HSBC,B,79.75,200
09:59:43.641,APPL,B,119.95,100
09:59:53.482,GOOG,B,779.85,900
09:59:53.632,APPL,B,119.55,100
09:59:54.149,FDP,S,5.5,900
09:59:56.330,FDP,S,5.2,800
09:59:56.679,REYA,S,45.25,100
10:00:01.093,GOOG,S,780.05,1000
10:00:01.782,HSBC,S,80.2,700
10:00:03.733,APPL,B,119.75,800
10:00:04.334,REYA,S,45.1,100
10:00:17.709,GOOG,B,779.9,600
10:00:23.279,HSBC,S,80.15,700
10:00:27.537,HSBC,B,79.65,200
10:00:27.866,APPL,B,119.95,800
10:00:31.777,APPL,B,119.95,300
10:00:32.478,REYA,B,44.95,600
10:00:34.669,HSBC,B,79.75,800
10:00:34.693,APPL,S,120.4,400
10:00:35.056,HSBC,S,80.45,100
10:00:35.102,APPL,B,119.75,900
10:00:35.654,FDP,B,4.75,700
10:00:35.940,REYA,S,45.1,1000
10:00:47.726,GOOG,B,779.6,900
10:00:49.351,REYA,B,44.85,900
10:00:51.168,HSBC,B,79.6,200
10:00:52.310,GOOG,B,779.95,400
10:00:53.625,FDP,S,5.4,900
10:00:54.871,FDP,B,4.75,200
10:00:59.057,REYA,B,44.65,700
10:01:01.977,FDP,B,4.9,200
10:01:02.554,REYA,B,44.65,100
10:01:04.552,HSBC,S,80.25,300
10:01:04.839,FDP,S,5.3,200
10:01:04.940,GOOG,S,780.4,800
10:01:05.469,APPL,B,119.5,1000
10:01:07.957,REYA,S,45.5,400
10:01:12.854,APPL,S,120.5,500
10:01:13.769,APPL,S,120.45,300
10:01:17.822,GOOG,S,780.4,700
10:01:29.643,APPL,S,120.35,500
10:01:38.191,GOOG,B,779.75,400
10:01:38.703,FDP,B,4.75,200
10:01:40.936,FDP,S,5.3,900
10:01:42.878,REYA,B,44.85,900
10:01:45.624,GOOG,S,780.3,100
10:01:51.647,FDP,S,5.4,800
10:01:54.820,FDP,S,5.1,400
10:02:06.661,REYA,B,44.7,800
10:02:07.742,FDP,B,4.7,900
10:02:08.834,APPL,B,119.85,200
10:02:11.271,GOOG,S,780.1,900
10:02:12.181,FDP,S,5.35,1000
10:02:17.340,HSBC,S,80.35,800
10:02:17.776,HSBC,S,80.1,800
10:02:20.357,APPL,S,120.4,400
10:02:20.579,APPL,S,120.35,800
10:02:24.564,FDP,S,5.2,1000
10:02:25.375,FDP,B,4.6,1000
10:02:25.480,HSBC,S,80.1,600
10:02:26.307,FDP,B,4.7,300
10:02:27.559,HSBC,S,80.2,1000
10:02:28.282,APPL,B,119.9,500
10:02:29.861,FDP,S,5.5,500
10:02:30.241,REYA,B,44.55,100
10:02:34.786,HSBC,B,79.85,800
10:02:38.401,GOOG,B,779.55,500
10:02:40.238,GOOG,B,779.6,600
10:02:43.873,GOOG,B,779.9,1000
10:02:44.152,REYA,S,45.25,500
10:02:45.381,REYA,S,45.45,400
10:02:47.936,APPL,B,119.9,500
10:02:51.394,APPL,S,120.05,300
10:02:53.607,REYA,B,44.55,300
10:02:54.237,REYA,B,44.65,100
10:02:57.090,REYA,S,45.25,500
10:03:03.454,REYA,S,45.1,700
10:03:05.146,APPL,B,119.65,800
10:03:06.517,GOOG,B,779.8,400
10:03:08.645,REYA,S,45.05,300
10:03:09.143,APPL,B,119.8,300
10:03:10.131,GOOG,B,779.9,300
10:03:11.073,GOOG,B,779.5,1000
10:03:11.561,REYA,S,45.3,900
10:03:11.913,APPL,S,120.4,800
10:03:12.222,APPL,B,119.9,300
10:03:18.083,GOOG,S,780.3,400
10:03:18.520,APPL,S,120.35,900
10:03:19.994,GOOG,S,780.45,100
10:03:24.953,FDP,B,4.7,800
10:03:24.985,APPL,B,119.9,900
10:03:26.798,REYA,S,45.4,100
10:03:30.208,APPL,S,120.25,200
10:03:31.362,REYA,B,44.6,600
10:03:33.219,REYA,S,45.45,100
10:03:33.938,HSBC,B,79.75,700
10:03:36.082,APPL,S,120.4,400
10:03:40.919,FDP,S,5.4,400
10:03:42.982,HSBC,S,80.05,500
10:03:45.836,REYA,S,45.15,800
10:03:46.302,FDP,S,5.05,600
10:03:48.687,APPL,B,119.8,700
10:03:53.248,FDP,B,4.6,600
10:03:54.767,REYA,S,45.4,900
10:03:55.161,HSBC,S,80.2,600
10:03:58.634,GOOG,B,779.75,300
10:04:01.167,FDP,B,4.7,300
10:04:01.275,HSBC,S,80.45,300
10:04:04.286,APPL,S,120.15,600
10:04:08.767,HSBC,B,79.95,700
10:04:10.047,REYA,B,44.55,200
10:04:14.576,APPL,S,120.4,700
10:04:16.666,REYA,S,45.1,500
10:04:18.543,HSBC,B,79.8,100
10:04:34.631,FDP,S,5.1,800
10:04:38.440,FDP,S,5.45,800
10:04:38.470,APPL,B,119.9,300
10:04:45.359,FDP,B,4.95,1000
10:04:45.980,HSBC,S,80.1,500
10:04:46.797,FDP,S,5.1,1000
10:04:48.892,FDP,S,5.05,600
10:04:50.470,GOOG,S,780.45,800
10:04:52.089,FDP,S,5.25,600
10:04:53.325,APPL,S,120.35,100
10:04:54.116,REYA,S,45.2,300
10:04:55.006,HSBC,B,79.75,300
10:04:55.437,REYA,S,45.1,200
10:04:55.845,GOOG,B,779.9,500
10:05:00.584,HSBC,B,79.95,100
10:05:02.999,HSBC,S,80.5,200
10:05:04.729,GOOG,S,780.15,400
10:05:06.449,FDP,S,5.2,400
10:05:06.990,GOOG,S,780.5,100
10:05:08.124,FDP,B,4.85,400
10:05:09.689,APPL,S,120.25,700
10:05:10.753,FDP,B,4.65,200
10:05:16.578,REYA,B,44.7,700
10:05:17.523,FDP,B,4.5,200
10:05:18.087,APPL,S,120.25,600
10:05:24.635,GOOG,B,779.85,500
10:05:27.687,GOOG,S,780.35,500
10:05:29.863,HSBC,B,79.7,800
10:05:31.151,GOOG,B,779.7,900
10:05:35.252,FDP,B,4.9,300
10:05:35.802,FDP,S,5.05,500
10:05:36.123,APPL,B,119.5,700
10:05:36.841,HSBC,S,80.25,1000
10:05:37.184,APPL,B,119.65,500
10:05:40.397,HSBC,B,79.75,300
10:05:46.929,FDP,S,5.35,900
10:05:51.158,GOOG,S,780.5,600
10:05:51.387,FDP,S,5.1,900
10:05:54.521,REYA,B,44.55,800
10:05:55.566,GOOG,S,780.35,200
10:06:00.695,HSBC,S,80.4,900
10:06:03.725,HSBC,S,80.45,300
10:06:11.171,FDP,S,5.5,200
10:06:12.127,APPL,S,120.05,100
10:06:12.760,GOOG,B,779.65,1000
10:06:14.563,FDP,B,4.85,700
10:06:15.786,REYA,B,44.6,900
10:06:16.675,HSBC,S,80.45,300
10:06:18.849,GOOG,B,779.7,400
10:06:19.641,GOOG,B,779.8,600
10:06:19.842,FDP,B,4.5,100
10:06:23.623,GOOG,S,780.45,600
10:06:25.317,FDP,B,4.85,100
10:06:26.598,FDP,S,5.45,700
10:06:27.727,HSBC,B,79.95,600
10:06:30.152,FDP,S,5.35,100
10:06:31.672,FDP,S,5.2,600
10:06:32.621,GOOG,S,780.3,500
10:06:32.884,FDP,S,5.05,600
10:06:40.059,GOOG,S,780.45,700
10:06:40.164,REYA,B,44.65,500
10:06:42.091,GOOG,S,780.35,600
10:06:42.415,GOOG,S,780.1,400
10:06:43.658,GOOG,B,779.65,500
10:06:46.876,GOOG,S,780.1,900
10:06:48.817,HSBC,B,79.65,700
10:06:50.674,FDP,B,4.55,700
10:06:50.727,APPL,S,120.3,600
10:06:51.776,GOOG,S,780.25,500
10:06:53.349,REYA,B,44.6,600
10:06:55.216,FDP,B,4.9,400
10:06:56.448,GOOG,S,780.25,700
10:06:56.653,GOOG,B,779.5,800
10:06:58.736,REYA,B,44.8,500
10:07:00.734,HSBC,B,79.6,900
10:07:00.821,APPL,B,119.5,1000
10:07:05.520,REYA,S,45.05,800
10:07:08.267,FDP,B,4.85,200
10:07:11.777,REYA,S,45.15,900
10:07:15.295,APPL,S,120.25,200
10:07:16.526,APPL,B,119.95,200
10:07:19.291,HSBC,B,79.65,100
10:07:21.584,FDP,B,4.8,300
10:07:25.844,HSBC,B,79.7,300
10:07:34.992,GOOG,S,780.3,1000
10:07:37.204,FDP,B,4.65,300
10:07:39.837,GOOG,S,780.35,900
10:07:40.678,HSBC,S,80.25,700
10:07:43.522,APPL,B,119.85,400
10:07:48.527,GOOG,S,780.1,900
10:07:58.565,GOOG,B,779.85,700
10:08:01.213,GOOG,S,780.5,500
10:08:04.451,APPL,B,119.7,400
10:08:07.379,FDP,B,4.65,100
10:08:07.599,APPL,S,120.4,1000
10:08:15.231,FDP,S,5.1,400
10:08:16.784,APPL,S,120.1,1000
10:08:24.894,FDP,S,5.5,200
10:08:26.689,REYA,S,45.2,600
10:08:27.840,REYA,B,44.65,500
10:08:33.410,APPL,B,119.65,300
10:08:34.463,GOOG,B,779.9,700
10:08:34.548,APPL,B,119.7,900
10:08:37.222,GOOG,S,780.5,300
10:08:38.780,FDP,B,4.95,300
10:08:40.103,FDP,B,4.65,900
10:08:40.227,FDP,S,5.2,800
10:08:42.113,FDP,S,5.25,700
10:08:43.481,APPL,S,120.35,100
10:08:44.480,FDP,B,4.95,200
10:08:44.519,GOOG,B,779.6,500
10:08:47.738,REYA,B,44.7,500
10:08:49.538,FDP,B,4.85,300
10:08:56.295,REYA,B,44.75,100
10:09:04.291,FDP,S,5.35,400
10:09:08.674,HSBC,B,79.8,500
10:09:11.121,REYA,B,44.75,200
10:09:11.135,APPL,B,119.85,300
10:09:13.358,HSBC,S,80.35,700
10:09:15.998,GOOG,S,780.1,600
10:09:16.074,FDP,S,5.2,300
10:09:17.946,FDP,B,4.75,600
10:09:22.928,GOOG,B,779.85,1000
10:09:24.993,REYA,S,45.4,700
10:09:35.476,GOOG,S,780.2,300
10:09:36.921,APPL,S,120.05,800
10:09:38.639,REYA,B,44.55,100
10:09:40.817,HSBC,B,79.65,600
10:09:43.754,HSBC,B,79.6,100
10:09:44.345,REYA,B,44.65,100
10:09:47.325,REYA,S,45.2,500
10:09:47.920,FDP,S,5.1,400
10:09:49.711,HSBC,S,80.25,1000
10:09:50.494,APPL,S,120.25,900
10:09:52.657,GOOG,S,780.05,500
10:09:53.159,HSBC,S,80.05,100
10:09:53.277,FDP,B,4.55,700
10:09:53.857,GOOG,S,780.1,100
10:09:56.784,FDP,S,5.25,900
10:10:01.297,HSBC,S,80.25,400
10:10:03.108,GOOG,B,779.55,700
10:10:04.536,FDP,S,5.25,600
10:10:04.626,APPL,B,119.5,1000
10:10:09.978,REYA,S,45.25,400
10:10:13.625,APPL,B,119.75,300
10:10:16.697,FDP,B,4.75,1000
10:10:17.113,REYA,S,45.05,300
10:10:18.114,REYA,S,45.45,400
10:10:19.704,HSBC,B,79.6,1000
10:10:21.305,REYA,S,45.25,300
10:10:21.373,FDP,B,4.7,900
10:10:30.032,APPL,S,120.15,100
10:10:32.949,GOOG,S,780.35,800
10:10:34.221,REYA,B,44.85,900
10:10:37.411,HSBC,B,79.5,400
10:10:43.955,GOOG,B,779.75,500
10:10:44.941,REYA,S,45.25,300
10:10:45.481,HSBC,B,79.8,100
10:10:47.030,REYA,B,44.95,800
10:10:48.071,APPL,B,119.85,1000
10:10:49.829,HSBC,S,80.05,600
10:10:52.586,APPL,S,120.25,400
10:10:57.280,HSBC,B,79.75,900
10:10:59.617,APPL,B,119.5,1000
10:11:02.259,HSBC,B,79.55,100
10:11:03.705,REYA,S,45.25,200
10:11:07.477,APPL,B,119.8,400
10:11:10.948,APPL,B,119.75,400
10:11:12.752,REYA,S,45.15,700
10:11:13.509,GOOG,B,779.8,300
10:11:16.703,APPL,S,120.05,800
10:11:18.789,FDP,B,4.85,500
10:11:22.505,HSBC,S,80.35,100
10:11:24.124,APPL,B,119.6,700
10:11:26.692,HSBC,S,80.5,700
10:11:27.870,APPL,B,119.65,300
10:11:30.274,APPL,B,119.85,500
10:11:30.946,GOOG,S,780.4,200
10:11:31.237,FDP,B,4.95,200
10:11:35.153,GOOG,S,780.45,400
10:11:35.963,FDP,B,4.6,400
10:11:44.121,GOOG,S,780.35,600
10:11:49.557,APPL,S,120.4,800
10:11:52.245,REYA,S,45.45,400
10:11:52.845,GOOG,B,779.7,200
10:11:54.143,FDP,B,4.5,100
10:11:56.188,APPL,B,119.5,700
10:11:58.555,HSBC,S,80.15,400
10:11:58.617,FDP,B,4.65,300
10:12:04.667,GOOG,B,779.6,100
10:12:07.058,GOOG,B,779.65,300
10:12:08.006,REYA,S,45.25,200
10:12:09.625,REYA,B,44.95,700
10:12:09.717,APPL,B,119.5,300
10:12:10.336,FDP,S,5.45,700
10:12:10.353,REYA,S,45.4,700
10:12:14.059,FDP,S,5.35,800
10:12:15.483,FDP,S,5.3,400
10:12:20.209,APPL,B,119.6,700
10:12:25.278,GOOG,S,780.25,1000
10:12:26.085,REYA,B,44.95,400
10:12:27.817,GOOG,S,780.25,1000
10:12:27.850,HSBC,B,79.75,400
10:12:28.713,REYA,B,44.6,300
10:12:32.952,HSBC,B,79.95,400
10:12:35.188,REYA,S,45.15,1000
10:12:36.290,HSBC,S,80.05,1000
10:12:37.546,APPL,B,119.85,500
10:12:41.433,APPL,S,120.5,300
10:12:43.466,FDP,B,4.6,800
10:12:43.921,FDP,S,5.35,1000
10:12:44.499,REYA,B,44.7,100
10:12:50.926,APPL,B,119.55,600
10:12:52.454,FDP,B,4.9,1000
10:12:53.828,REYA,S,45.1,400
10:12:54.892,APPL,B,119.7,500
10:12:55.912,APPL,S,120.5,800
10:13:05.312,APPL,S,120.25,500
10:13:11.896,APPL,S,120.45,400
10:13:12.141,HSBC,S,80.25,300
10:13:12.856,REYA,S,45.45,800
10:13:15.753,GOOG,S,780.15,800
10:13:18.301,FDP,S,5.5,600
10:13:18.741,HSBC,B,79.75,400
10:13:19.081,HSBC,B,79.9,100
10:13:20.647,GOOG,B,779.75,600
10:13:21.096,HSBC,S,80.45,100
10:13:22.268,APPL,S,120.15,800
10:13:24.053,APPL,S,120.05,900
10:13:25.280,FDP,B,4.5,1000
10:13:34.830,GOOG,B,779.55,800
10:13:36.012,APPL,B,119.65,200
10:13:36.218,GOOG,B,779.65,500
10:13:38.367,GOOG,S,780.3,500
10:13:40.342,REYA,B,44.55,600
10:13:44.138,HSBC,S,80.35,600
10:13:45.081,GOOG,S,780.45,900
10:13:48.572,HSBC,B,79.55,700
10:13:50.456,REYA,B,44.85,200
10:13:52.218,GOOG,S,780.2,800
10:13:53.467,FDP,S,5.25,100
10:13:55.721,HSBC,B,79.9,100
10:13:56.679,GOOG,B,779.9,700
10:14:05.129,APPL,S,120.2,800
10:14:14.820,APPL,B,119.8,300
10:14:18.146,REYA,S,45.1,1000
10:14:19.208,GOOG,B,779.8,300
10:14:25.304,APPL,S,120.35,1000
10:14:25.663,HSBC,B,79.65,900
10:14:26.668,GOOG,B,779.8,1000
10:14:29.295,GOOG,B,779.8,500
10:14:33.792,GOOG,S,780.45,500
10:14:38.400,GOOG,S,780.2,900
10:14:38.514,HSBC,S,80.45,300
10:14:40.104,GOOG,B,779.6,900
10:14:42.770,REYA,S,45.4,400
10:14:44.400,REYA,S,45.2,100
10:14:48.915,GOOG,S,780.5,200
10:14:53.722,HSBC,B,79.9,900
10:14:57.467,GOOG,S,780.3,500
10:15:01.037,APPL,B,119.5,900
10:15:01.375,APPL,B,119.65,700
10:15:04.002,FDP,S,5.15,900
10:15:09.460,GOOG,S,780.3,800
10:15:23.502,FDP,S,5.15,900
10:15:24.448,FDP,S,5.25,1000
10:15:26.004,GOOG,B,779.5,100
10:15:26.870,REYA,B,44.5,800
10:15:27.083,REYA,B,44.7,400
10:15:28.428,GOOG,S,780.15,600
10:15:30.169,APPL,B,119.85,800
10:15:30.366,HSBC,B,79.65,1000
10:15:36.769,REYA,B,44.95,400
10:15:41.491,APPL,B,119.85,200
10:15:42.603,FDP,B,4.5,700
10:15:45.456,GOOG,B,779.8,500
10:15:46.588,REYA,S,45.25,200
10:15:46.914,APPL,S,120.45,700
10:15:52.763,APPL,S,120.1,100
10:15:53.857,HSBC,S,80.3,300
10:15:59.996,APPL,B,119.75,700
10:16:02.196,APPL,S,120.35,400
10:16:05.021,FDP,S,5.25,900
10:16:05.401,REYA,B,44.7,600
10:16:06.193,APPL,B,119.85,500
10:16:10.558,HSBC,B,79.8,100
10:16:10.833,APPL,B,119.8,200
10:16:12.992,GOOG,B,779.5,900
10:16:13.582,GOOG,S,780.45,900
10:16:16.745,GOOG,B,779.75,1000
10:16:17.232,HSBC,B,79.65,700
10:16:20.110,FDP,S,5.4,800
10:16:20.209,APPL,B,119.75,900
10:16:22.708,HSBC,B,79.65,300
10:16:24.436,APPL,B,119.85,400
10:16:28.389,FDP,S,5.35,500
10:16:29.003,FDP,S,5.4,800
10:16:29.089,APPL,B,119.55,400
10:16:29.591,HSBC,S,80.05,400
10:16:33.441,FDP,B,4.8,500
10:16:38.067,GOOG,B,779.85,800
10:16:39.118,REYA,B,44.5,800
10:16:43.078,REYA,S,45.2,300
10:16:45.365,REYA,B,44.8,1000
10:16:47.070,GOOG,S,780.45,600
10:16:48.552,REYA,B,44.75,900
10:16:49.038,REYA,B,44.75,900
10:16:51.135,APPL,B,119.9,900
10:16:51.902,GOOG,S,780.15,100
10:16:52.918,REYA,S,45.5,800
10:16:56.346,HSBC,S,80.05,1000
10:16:57.954,GOOG,B,779.7,400
10:16:58.573,HSBC,S,80.25,800
10:16:58.890,REYA,B,44.85,800
10:17:00.880,REYA,B,44.6,1000
10:17:02.722,HSBC,B,79.85,800
10:17:03.011,APPL,S,120.3,300
10:17:06.268,GOOG,B,779.7,900
10:17:06.570,HSBC,B,79.75,900
10:17:06.958,REYA,B,44.65,400
10:17:07.479,REYA,B,44.75,600
10:17:10.746,FDP,S,5.3,500
10:17:11.570,GOOG,S,780.1,800
10:17:12.386,APPL,S,120.2,700
10:17:13.263,GOOG,B,779.85,800
10:17:13.419,FDP,B,4.55,600
10:17:26.253,GOOG,B,779.6,100
10:17:27.638,HSBC,S,80.15,600
10:17:29.201,REYA,B,44.85,800
10:17:32.045,APPL,B,119.7,300
10:17:32.218,GOOG,S,780.05,200
10:17:36.282,FDP,B,4.65,900
10:17:38.583,HSBC,B,79.85,900
10:17:44.539,HSBC,S,80.2,500
10:17:44.734,APPL,S,120.25,600
10:17:44.997,APPL,B,119.85,700
10:17:46.581,FDP,S,5.4,200
10:17:47.690,GOOG,S,780.2,100
10:17:48.613,APPL,B,119.5,800
10:17:52.099,APPL,B,119.8,800
10:17:52.846,HSBC,S,80.15,200
10:17:54.397,APPL,S,120.1,400
10:18:00.241,HSBC,B,79.85,400
10:18:00.405,APPL,B,119.55,600
10:18:02.768,REYA,B,44.5,1000
10:18:06.622,HSBC,S,80.5,300
10:18:07.295,GOOG,B,779.6,800
10:18:07.753,GOOG,S,780.2,400
10:18:08.840,APPL,B,119.6,900
10:18:13.575,FDP,S,5.15,700
10:18:16.244,APPL,S,120.05,800
10:18:23.140,FDP,B,4.5,500
10:18:24.419,REYA,B,44.5,700
10:18:25.313,HSBC,S,80.1,300
10:18:25.743,REYA,B,44.75,300
10:18:26.204,APPL,S,120.05,500
10:18:26.894,HSBC,B,79.85,200
10:18:27.123,GOOG,B,779.75,200
10:18:30.722,REYA,S,45.5,100
10:18:38.485,FDP,S,5.35,500
10:18:41.056,FDP,S,5.4,500
10:18:43.740,HSBC,B,79.95,100
10:18:47.709,APPL,S,120.05,300
10:18:48.854,HSBC,S,80.1,500
10:18:50.332,HSBC,B,79.5,1000
10:18:51.502,APPL,S,120.4,300
10:18:51.911,REYA,S,45.2,800
10:18:54.280,HSBC,B,79.6,900
10:18:57.270,GOOG,B,779.7,100
10:19:00.589,APPL,B,119.8,900
10:19:00.682,FDP,S,5.45,400
10:19:03.695,REYA,S,45.5,100
10:19:04.375,REYA,B,44.7,900
10:19:05.083,REYA,B,44.7,200
10:19:05.242,GOOG,S,780.25,800
10:19:06.515,HSBC,S,80.5,200
10:19:09.869,APPL,B,119.8,800
10:19:11.647,GOOG,S,780.05,200
10:19:14.524,GOOG,B,779.85,500
10:19:18.548,REYA,S,45.1,1000
10:19:21.456,APPL,S,120.35,400
10:19:22.629,REYA,S,45.05,600
10:19:24.700,HSBC,B,79.95,1000
10:19:29.726,HSBC,S,80.25,100
10:19:31.448,HSBC,S,80.4,500
10:19:33.278,GOOG,S,780.4,500
10:19:34.332,FDP,B,4.9,400
10:19:34.658,HSBC,S,80.05,1000
10:19:34.947,HSBC,S,80.35,500
10:19:48.395,GOOG,S,780.5,100
10:19:49.323,HSBC,S,80.15,600
10:19:50.757,GOOG,S,780.35,900
10:19:53.448,REYA,S,45.15,500
10:19:53.938,APPL,S,120.35,100
10:19:55.215,HSBC,S,80.4,200
10:19:56.734,FDP,S,5.3,200
10:20:00.574,REYA,S,45.3,300
10:20:00.824,REYA,S,45.5,800
10:20:01.787,FDP,S,5.05,700
10:20:08.754,REYA,S,45.45,800
10:20:08.767,GOOG,S,780.45,300
10:20:09.226,GOOG,B,779.8,500
10:20:10.209,REYA,B,44.7,100
10:20:12.881,GOOG,B,779.85,300
10:20:14.673,GOOG,S,780.2,100
10:20:16.261,HSBC,B,79.5,800
10:20:24.778,APPL,S,120.25,300
10:20:30.282,GOOG,S,780.35,200
10:20:35.636,GOOG,B,779.8,300
10:20:36.892,REYA,B,44.55,300
10:20:37.591,GOOG,S,780.25,300
10:20:40.632,APPL,B,119.5,500
10:20:42.182,FDP,B,4.7,400
10:20:47.661,GOOG,S,780.15,500
10:20:50.417,HSBC,B,79.85,600
10:20:51.838,GOOG,S,780.15,700
10:20:52.253,APPL,S,120.15,500
10:20:58.199,HSBC,B,79.6,1000
10:20:58.252,HSBC,B,79.9,700
10:21:02.139,GOOG,S,780.4,700
10:21:02.773,APPL,S,120.3,900
10:21:04.250,FDP,S,5.25,300
10:21:06.697,APPL,S,120.5,700
10:21:10.839,REYA,B,44.5,400
10:21:15.972,APPL,B,119.55,900
10:21:16.869,FDP,S,5.4,1000
10:21:17.432,FDP,B,4.9,600
10:21:18.297,HSBC,B,79.85,700
10:21:19.777,GOOG,S,780.2,500
10:21:20.785,GOOG,S,780.45,1000
10:21:23.967,FDP,S,5.5,800
10:21:24.702,HSBC,S,80.35,200
10:21:28.118,APPL,B,119.55,900
10:21:28.443,GOOG,B,779.5,500
10:21:29.046,APPL,B,119.9,400
10:21:29.387,HSBC,S,80.1,400
10:21:32.891,APPL,S,120.45,800
10:21:37.862,APPL,S,120.05,500
10:21:38.649,HSBC,B,79.7,600
10:21:39.210,REYA,S,45.35,500
10:21:40.777,HSBC,S,80.4,200
10:21:42.231,HSBC,S,80.35,1000
10:21:42.330,FDP,B,4.65,900
10:21:44.788,APPL,B,119.65,500
10:21:48.985,HSBC,B,79.55,200
10:21:50.492,HSBC,B,79.85,500
10:21:50.564,APPL,B,119.6,700
10:21:50.970,HSBC,S,80.05,600
10:21:52.868,REYA,B,44.5,900
10:21:56.576,HSBC,S,80.45,800
10:21:59.997,REYA,B,44.9,1000
10:22:01.747,FDP,B,4.85,200
10:22:03.114,GOOG,B,779.65,100
10:22:03.211,APPL,S,120.4,900
10:22:03.601,FDP,S,5.1,800
10:22:04.773,REYA,B,44.8,800
10:22:06.360,FDP,S,5.1,1000
10:22:06.651,APPL,S,120.1,200
10:22:06.729,APPL,B,119.7,400
10:22:07.136,GOOG,B,779.6,1000
10:22:17.852,HSBC,B,79.75,200
10:22:22.082,APPL,S,120.1,900
10:22:27.519,GOOG,S,780.35,1000
10:22:28.277,APPL,B,119.8,1000
10:22:28.775,FDP,B,4.55,800
10:22:33.624,REYA,B,44.5,100
10:22:34.098,FDP,B,4.7,600
10:22:38.056,GOOG,B,779.7,700
10:22:49.359,APPL,B,119.75,300
10:22:51.294,FDP,B,4.75,500
10:22:51.514,REYA,B,44.8,600
10:22:52.032,REYA,S,45.4,200
10:22:55.252,APPL,S,120.05,600
10:22:56.699,APPL,B,119.8,600
10:22:57.822,FDP,S,5.35,500
10:22:59.568,HSBC,B,79.85,500
10:23:00.262,FDP,B,4.95,700
10:23:02.481,REYA,B,44.9,800
10:23:03.671,GOOG,S,780.35,700
10:23:03.759,HSBC,S,80.4,600
10:23:09.778,REYA,S,45.5,700
10:23:13.313,FDP,B,4.95,900
10:23:19.840,REYA,S,45.35,300
10:23:20.142,REYA,S,45.1,200
10:23:20.211,HSBC,S,80.35,100
10:23:21.049,FDP,S,5.5,800
10:23:24.351,FDP,B,4.95,700
10:23:27.311,FDP,S,5.4,300
10:23:32.718,FDP,B,4.5,1000
10:23:36.704,FDP,S,5.35,1000
10:23:49.423,GOOG,S,780.3,200
10:23:57.108,HSBC,S,80.3,600
10:23:58.041,GOOG,S,780.15,800
10:23:59.036,GOOG,B,779.6,400
10:24:04.010,GOOG,S,780.25,400
10:24:04.035,GOOG,B,779.7,300
10:24:07.589,APPL,B,119.5,900
10:24:07.881,HSBC,S,80.05,1000
10:24:12.585,FDP,S,5.15,200
10:24:13.315,APPL,S,120.35,100
10:24:14.949,APPL,B,119.75,600
10:24:15.092,REYA,B,44.5,300
10:24:20.806,REYA,B,44.7,800
10:24:23.443,HSBC,S,80.35,800
10:24:27.269,APPL,B,119.7,100
10:24:41.715,REYA,B,44.8,1000
10:24:45.618,REYA,B,44.8,900
10:24:50.632,GOOG,S,780.3,1000
10:24:50.907,GOOG,S,780.4,400
10:24:54.964,HSBC,B,79.5,500
10:24:55.140,FDP,S,5.1,600
10:24:57.448,GOOG,B,779.95,800
10:24:57.572,FDP,B,4.65,200
10:24:59.825,HSBC,B,79.55,300
10:25:03.431,REYA,B,44.5,300
10:25:05.873,HSBC,S,80.05,400
10:25:08.328,REYA,S,45.5,700
10:25:08.675,FDP,S,5.15,700
10:25:10.808,REYA,S,45.1,800
10:25:11.196,HSBC,S,80.4,1000
10:25:14.666,REYA,S,45.1,900
10:25:16.827,APPL,B,119.95,700
10:25:18.604,REYA,B,44.65,900
10:25:22.722,FDP,B,4.8,100
10:25:23.257,APPL,S,120.25,800
10:25:24.537,GOOG,S,780.25,900
10:25:26.713,APPL,B,119.75,500
10:25:28.250,REYA,B,44.6,500
10:25:30.452,REYA,S,45.4,600
10:25:35.275,HSBC,S,80.05,700
10:25:36.849,HSBC,B,79.7,200
10:25:37.173,GOOG,B,779.85,300
10:25:37.869,FDP,S,5.1,900
10:25:39.633,APPL,B,119.65,100
10:25:41.607,APPL,S,120.5,100
10:25:41.845,GOOG,B,779.95,200
10:25:41.900,APPL,B,119.6,800
10:25:42.269,HSBC,S,80.1,800
10:25:47.289,APPL,S,120.15,600
10:25:49.131,REYA,B,44.65,500
10:25:50.336,APPL,B,119.65,800
10:25:56.109,APPL,S,120.3,300
10:25:56.500,FDP,B,4.8,600
10:25:58.872,APPL,S,120.1,900
10:25:59.871,APPL,S,120.5,400
10:26:01.812,APPL,S,120.45,600
10:26:02.609,FDP,B,4.7,900
10:26:02.690,FDP,B,4.65,700
10:26:02.978,GOOG,S,780.35,400
10:26:05.546,HSBC,S,80.25,500
10:26:08.904,REYA,S,45.3,200
10:26:12.685,APPL,S,120.2,700
10:26:15.452,FDP,B,4.7,500
10:26:23.274,HSBC,S,80.35,400
10:26:30.138,HSBC,B,79.85,900
10:26:37.176,APPL,S,120.4,700
10:26:40.396,HSBC,S,80.15,700
10:26:40.446,GOOG,S,780.1,100
10:26:43.409,GOOG,B,779.7,900
10:26:45.960,HSBC,B,79.65,200
10:26:54.479,FDP,B,4.8,100
10:26:56.301,HSBC,B,79.5,300
10:26:56.455,REYA,B,44.8,100
10:26:59.171,GOOG,S,780.35,600
10:27:00.776,REYA,S,45.15,800
10:27:09.213,FDP,B,4.8,100
10:27:12.138,GOOG,S,780.1,500
10:27:13.267,GOOG,S,780.25,300
10:27:23.324,REYA,B,44.9,1000
10:27:27.811,REYA,S,45.15,600
10:27:28.491,GOOG,S,780.25,800
10:27:29.697,REYA,B,44.5,800
10:27:30.532,GOOG,B,779.95,400
10:27:30.541,REYA,S,45.25,800
10:27:32.865,REYA,S,45.45,900
10:27:40.259,REYA,B,44.6,700
10:27:41.090,APPL,B,119.85,300
10:27:46.943,FDP,B,4.75,1000
10:27:47.387,HSBC,S,80.1,900
10:27:54.092,FDP,S,5.2,300
10:27:56.014,REYA,B,44.8,700
10:28:06.473,FDP,S,5.2,600
10:28:09.396,HSBC,S,80.4,400
10:28:10.625,REYA,S,45.35,300
10:28:10.672,APPL,S,120.4,800
10:28:10.696,REYA,B,44.55,200
10:28:16.537,REYA,S,45.5,100
10:28:16.679,APPL,B,119.55,900
10:28:20.890,APPL,S,120.15,500
10:28:22.248,GOOG,B,779.85,300
10:28:22.552,GOOG,S,780.3,300
10:28:25.050,GOOG,B,779.85,200
10:28:31.735,REYA,B,44.55,1000
10:28:34.747,FDP,B,4.7,600
10:28:36.418,FDP,S,5.1,700
10:28:39.088,APPL,B,119.65,100
10:28:51.014,HSBC,B,79.65,900
10:28:54.307,REYA,B,44.95,800
10:28:54.566,REYA,B,44.55,300
10:28:54.782,REYA,S,45.35,700
10:28:56.734,GOOG,B,779.55,600
10:28:58.210,APPL,S,120.3,100
10:28:58.218,APPL,S,120.3,700
10:29:06.300,APPL,S,120.25,200
10:29:07.963,APPL,B,119.7,700
10:29:08.173,REYA,S,45.15,500
10:29:11.284,REYA,B,44.85,200
10:29:12.160,FDP,S,5.1,400
10:29:13.081,REYA,B,44.65,100
10:29:14.483,REYA,S,45.2,200
10:29:16.568,HSBC,S,80.4,1000
10:29:19.909,REYA,S,45.3,500
10:29:25.439,GOOG,B,779.95,500
10:29:25.667,REYA,B,44.95,700
10:29:25.923,GOOG,B,779.6,1000
10:29:29.888,GOOG,S,780.2,900
10:29:33.533,APPL,S,120.5,400
10:29:34.946,HSBC,S,80.45,700
10:29:41.004,APPL,B,119.55,200
10:29:46.257,REYA,B,44.85,500
10:29:48.679,HSBC,B,79.5,1000
10:29:50.551,GOOG,B,779.85,600
10:29:51.715,REYA,S,45.3,400
10:29:57.290,GOOG,S,780.15,400
10:29:57.456,APPL,B,119.6,600
10:29:57.844,GOOG,B,779.9,300
10:30:00.063,APPL,B,119.6,700
10:30:00.486,GOOG,B,779.7,1000
10:30:02.115,REYA,S,45.3,700
10:30:06.127,HSBC,B,79.95,100
10:30:09.834,REYA,S,45.35,300
10:30:12.557,GOOG,S,780.35,300
10:30:13.958,HSBC,B,79.85,500
10:30:16.360,REYA,S,45.4,900
10:30:18.577,APPL,S,120.45,800
10:30:19.548,APPL,S,120.25,600
10:30:19.670,APPL,S,120.4,1000
10:30:21.202,REYA,B,44.75,900
10:30:21.296,GOOG,B,779.75,800
10:30:31.402,HSBC,S,80.35,800
10:30:33.827,REYA,B,44.8,1000
10:30:34.425,GOOG,B,779.8,900
10:30:35.319,HSBC,S,80.35,100
10:30:36.488,FDP,S,5.15,600
10:30:37.420,FDP,S,5.05,800
10:30:38.072,APPL,B,119.6,100
10:30:38.157,APPL,S,120.05,800
10:30:41.867,FDP,S,5.25,600
10:30:45.772,FDP,S,5.05,500
10:30:46.691,HSBC,B,79.85,900
10:30:46.981,REYA,B,44.9,100
10:30:49.471,APPL,B,119.9,1000
10:30:49.708,FDP,B,4.95,900
10:30:53.417,GOOG,B,779.8,700
10:30:55.345,GOOG,S,780.4,100
10:30:57.476,APPL,S,120.3,500
10:31:00.380,APPL,S,120.05,900
10:31:03.418,REYA,B,44.95,300
10:31:03.671,FDP,S,5.2,1000
10:31:03.939,GOOG,B,779.55,1000
10:31:15.741,HSBC,S,80.45,900
10:31:23.998,APPL,B,119.65,400
10:31:25.831,HSBC,S,80.45,100
10:31:35.905,HSBC,S,80.15,700
10:31:36.015,FDP,B,4.55,700
10:31:41.284,HSBC,B,79.9,1000
10:31:42.277,APPL,B,119.85,1000
10:31:42.814,FDP,S,5.15,300
10:31:45.306,REYA,S,45.4,100
10:31:48.286,HSBC,B,79.5,300
10:31:53.367,FDP,B,4.5,400
10:31:57.534,REYA,S,45.1,600
10:32:02.222,FDP,B,4.7,300
10:32:06.858,HSBC,S,80.1,300
10:32:11.195,HSBC,S,80.5,300
10:32:15.232,REYA,B,44.65,500
10:32:15.546,APPL,B,119.8,200
10:32:19.233,HSBC,B,79.5,500
10:32:21.260,APPL,S,120.4,700
10:32:23.759,GOOG,S,780.5,700
10:32:23.895,REYA,B,44.9,700
10:32:24.044,HSBC,B,79.75,300
10:32:26.182,APPL,S,120.15,600
10:32:26.887,APPL,S,120.25,400
10:32:28.182,GOOG,B,779.65,1000
10:32:30.718,FDP,S,5.05,500
10:32:32.685,HSBC,B,79.8,200
10:32:33.464,APPL,S,120.15,900
10:32:37.142,APPL,S,120.1,100
10:32:41.154,APPL,B,119.6,300
10:32:43.033,FDP,B,4.7,1000
10:32:51.291,HSBC,S,80.35,400
10:32:51.683,REYA,B,44.85,300
10:32:52.924,FDP,S,5.15,500
10:32:53.313,FDP,B,4.85,1000
10:32:55.196,APPL,B,119.9,200
10:32:55.839,HSBC,B,79.5,100
10:32:56.834,FDP,B,4.75,500
10:32:57.300,REYA,B,44.5,800
10:33:00.908,FDP,B,4.85,1000
10:33:03.579,HSBC,S,80.4,600
10:33:03.919,HSBC,B,79.75,1000
10:33:10.177,HSBC,S,80.4,900
10:33:16.006,HSBC,B,79.95,500
10:33:17.091,HSBC,B,79.8,700
10:33:22.447,REYA,B,44.95,600
10:33:24.864,HSBC,S,80.35,1000
10:33:28.383,APPL,S,120.15,800
10:33:30.299,HSBC,S,80.2,200
10:33:40.927,HSBC,B,79.7,400
10:33:41.151,GOOG,B,779.7,500
10:33:41.729,APPL,B,119.55,100
10:33:52.913,HSBC,B,79.85,600
10:33:54.485,APPL,B,119.6,1000
10:33:54.851,FDP,B,4.85,1000
10:33:55.359,FDP,S,5.05,200
10:34:08.841,HSBC,S,80.15,200
10:34:11.776,REYA,S,45.05,200
10:34:16.252,GOOG,S,780.3,200
10:34:17.754,FDP,S,5.1,100
10:34:21.587,HSBC,S,80.05,800
10:34:21.737,APPL,B,119.9,600
10:34:23.305,GOOG,B,779.75,500
10:34:23.729,REYA,S,45.2,800
10:34:27.177,GOOG,S,780.1,200
10:34:28.269,HSBC,S,80.3,400
10:34:30.785,APPL,S,120.1,700
10:34:31.018,REYA,S,45.45,300
10:34:31.108,FDP,B,4.8,700
10:34:35.270,APPL,S,120.45,400
10:34:42.570,FDP,B,4.95,400
10:34:43.964,REYA,S,45.2,100
10:34:45.941,HSBC,S,80.3,900
10:34:48.940,FDP,S,5.5,400
10:34:50.220,REYA,S,45.15,100
10:34:53.558,APPL,S,120.5,600
10:34:55.113,HSBC,S,80.5,600
10:34:55.345,HSBC,B,79.5,200
10:34:56.182,APPL,S,120.3,600
10:34:58.141,HSBC,S,80.4,200
10:34:58.684,FDP,S,5.3,200
10:35:01.418,GOOG,B,779.85,400
10:35:02.173,REYA,B,44.9,1000
10:35:02.223,GOOG,B,779.7,500
10:35:02.306,REYA,B,44.95,1000
10:35:05.505,APPL,S,120.15,200
10:35:06.820,GOOG,B,779.8,700
10:35:10.221,APPL,B,119.8,400
10:35:17.278,FDP,B,4.6,600
10:35:18.813,FDP,B,4.85,900
10:35:22.914,HSBC,B,79.95,1000
10:35:26.763,GOOG,S,780.15,900
10:35:28.679,FDP,B,4.65,300
10:35:31.639,REYA,S,45.05,600
10:35:31.975,FDP,S,5.5,1000
10:35:32.172,GOOG,B,779.85,800
10:35:33.386,GOOG,B,779.75,200
10:35:33.688,HSBC,B,79.5,1000
10:35:39.737,FDP,B,4.5,600
10:35:41.980,APPL,B,119.7,900
10:35:43.477,HSBC,B,79.6,1000
10:35:48.049,APPL,S,120.3,100
10:35:50.657,HSBC,S,80.4,500
10:35:56.267,GOOG,B,779.85,900
10:35:57.819,GOOG,S,780.4,100
10:35:58.041,GOOG,B,779.55,600
10:35:58.468,APPL,S,120.25,400
10:35:58.838,GOOG,B,779.85,700
10:35:59.146,GOOG,S,780.5,500
10:36:01.911,REYA,S,45.15,700
10:36:07.551,GOOG,B,779.7,100
10:36:08.392,FDP,B,4.7,100
10:36:15.844,REYA,S,45.3,800
10:36:17.002,FDP,S,5.5,500
10:36:18.001,GOOG,S,780.45,500
10:36:19.579,REYA,S,45.4,900
10:36:25.063,REYA,B,44.75,300
10:36:28.296,FDP,S,5.35,600
10:36:29.162,HSBC,B,79.55,900
10:36:31.809,REYA,B,44.65,100
10:36:36.164,GOOG,B,779.65,700
10:36:37.087,GOOG,B,779.75,900
10:36:39.123,REYA,B,44.9,600
10:36:43.508,APPL,S,120.35,700
10:36:47.759,GOOG,B,779.5,900
10:36:51.732,HSBC,S,80.5,600
10:36:51.773,FDP,S,5.3,300
10:36:56.998,GOOG,S,780.45,800
10:37:08.733,GOOG,S,780.45,900
10:37:14.042,APPL,B,119.85,900
10:37:14.420,GOOG,S,780.5,900
10:37:16.018,REYA,S,45.3,800
10:37:19.606,APPL,B,119.65,500
10:37:22.639,FDP,S,5.4,400
10:37:22.775,GOOG,S,780.45,700
10:37:23.222,APPL,S,120.3,200
10:37:23.286,REYA,S,45.1,900
10:37:24.376,REYA,S,45.3,600
10:37:24.694,APPL,S,120.5,600
10:37:27.685,HSBC,S,80.5,1000
10:37:28.101,REYA,S,45.3,600
10:37:31.667,FDP,S,5.3,200
10:37:33.444,REYA,S,45.05,1000
10:37:37.412,GOOG,S,780.4,200
10:37:41.187,HSBC,B,79.65,500
10:37:46.303,FDP,S,5.5,200
10:37:56.507,APPL,S,120.45,100
10:37:56.759,HSBC,B,79.65,900
10:37:59.104,REYA,B,44.55,800
10:38:00.408,HSBC,S,80.1,100
10:38:00.444,REYA,B,44.9,1000
10:38:01.228,REYA,B,44.6,800
10:38:01.595,APPL,S,120.05,400
10:38:04.610,HSBC,S,80.15,200
10:38:06.214,HSBC,B,79.95,900
10:38:06.539,FDP,B,4.55,700
10:38:07.533,GOOG,B,779.65,300
10:38:08.813,FDP,B,4.6,500
10:38:08.865,REYA,S,45.45,200
10:38:09.953,HSBC,B,79.5,600
10:38:10.979,APPL,B,119.55,1000
10:38:12.258,FDP,B,4.6,700
10:38:15.962,FDP,S,5.2,700
10:38:17.189,APPL,B,119.9,900
10:38:20.800,APPL,B,119.8,200
10:38:24.981,FDP,S,5.1,800
10:38:28.305,FDP,S,5.2,500
10:38:28.522,FDP,S,5.05,300
10:38:40.890,APPL,B,119.75,300
10:38:44.672,APPL,S,120.2,200
10:38:51.468,REYA,S,45.3,200
10:38:56.396,GOOG,S,780.45,900
10:38:57.434,APPL,S,120.5,900
10:38:57.961,REYA,B,44.7,1000
10:38:58.201,REYA,S,45.25,200
10:39:01.474,GOOG,B,779.6,1000
10:39:01.757,HSBC,S,80.25,300
10:39:02.793,FDP,S,5.4,1000
10:39:04.793,APPL,B,119.75,300
10:39:05.599,FDP,S,5.25,1000
10:39:09.084,FDP,B,4.5,800
10:39:09.322,GOOG,B,779.75,400
10:39:10.034,APPL,B,119.6,300
10:39:12.150,HSBC,B,79.5,500
10:39:20.975,HSBC,B,79.95,200
10:39:21.579,REYA,S,45.4,800
10:39:22.729,GOOG,S,780.25,500
10:39:22.779,REYA,B,44.65,1000
10:39:26.064,GOOG,B,779.65,100
10:39:26.383,HSBC,S,80.2,1000
10:39:31.684,REYA,B,44.8,1000
10:39:35.023,REYA,S,45.35,500
10:39:35.400,APPL,S,120.5,900
10:39:35.739,FDP,B,4.95,300
10:39:38.248,REYA,S,45.4,100
10:39:40.858,HSBC,B,79.65,500
10:39:45.031,GOOG,S,780.2,100
10:39:45.057,REYA,B,44.55,800
10:39:52.859,HSBC,B,79.85,800
10:39:53.243,FDP,B,4.55,600
10:39:54.623,REYA,S,45.5,600
10:39:58.932,HSBC,B,79.7,900
10:40:05.869,HSBC,B,79.85,800
10:40:08.713,APPL,B,119.9,700
10:40:09.205,HSBC,S,80.15,100
10:40:11.085,GOOG,B,779.8,300
10:40:11.616,HSBC,S,80.35,300
10:40:12.987,REYA,S,45.05,400
10:40:15.502,REYA,B,44.8,700
10:40:18.687,FDP,B,4.85,1000
10:40:20.065,FDP,B,4.65,300
10:40:20.314,GOOG,B,779.55,900
10:40:23.646,GOOG,B,779.75,400
10:40:23.986,REYA,B,44.5,500
10:40:24.854,FDP,S,5.5,300
10:40:24.913,REYA,S,45.25,600
10:40:26.559,HSBC,B,79.75,400
10:40:32.303,GOOG,B,779.7,800
10:40:33.803,APPL,S,120.5,100
10:40:35.301,APPL,B,119.5,700
10:40:39.984,FDP,B,4.55,900
10:40:42.103,REYA,B,44.75,500
10:40:49.438,REYA,S,45.4,700
10:40:52.739,FDP,B,4.6,300
10:40:52.813,FDP,S,5.05,300
10:40:54.041,GOOG,S,780.05,200
10:40:55.701,REYA,B,44.85,900
10:40:56.741,FDP,B,4.7,1000
10:40:59.849,REYA,S,45.25,300
10:41:07.663,APPL,B,119.75,800
10:41:11.766,REYA,B,44.5,400
10:41:12.061,REYA,B,44.8,1000
10:41:13.545,FDP,S,5.2,300
10:41:14.332,FDP,B,4.7,800
10:41:18.383,APPL,B,119.8,600
10:41:18.798,FDP,S,5.05,800
10:41:20.447,APPL,S,120.1,100
10:41:21.472,GOOG,S,780.25,600
10:41:24.855,HSBC,S,80.45,500
10:41:27.649,REYA,B,44.85,200
10:41:29.366,GOOG,B,779.95,800
10:41:30.707,APPL,B,119.85,500
10:41:34.736,HSBC,B,79.5,100
10:41:38.437,HSBC,S,80.4,500
10:41:39.991,REYA,S,45.45,700
10:41:43.155,FDP,S,5.3,100
10:41:43.999,FDP,S,5.3,800
10:41:46.385,GOOG,B,779.95,900
10:41:47.463,GOOG,S,780.05,900
10:41:48.081,HSBC,B,79.9,200
10:41:53.034,REYA,B,44.7,100
10:41:55.461,REYA,S,45.15,100
10:41:59.228,FDP,B,4.65,500
10:42:00.462,HSBC,S,80.45,400
10:42:03.362,REYA,B,44.55,300
10:42:09.915,REYA,S,45.2,500
10:42:10.872,HSBC,S,80.1,900
10:42:22.163,GOOG,S,780.3,100
10:42:23.991,FDP,S,5.4,1000
10:42:25.460,APPL,S,120.05,600
10:42:26.546,REYA,S,45.1,800
10:42:28.956,GOOG,B,779.6,500
10:42:36.476,GOOG,S,780.15,700
10:42:38.277,FDP,B,4.6,100
10:42:38.299,GOOG,S,780.3,800
10:42:40.457,FDP,S,5.15,400
10:42:40.832,FDP,B,4.65,700
10:42:41.463,GOOG,S,780.2,900
10:42:41.471,FDP,B,4.95,900
10:42:42.547,REYA,S,45.25,700
10:42:47.382,REYA,S,45.45,800
10:42:50.691,FDP,B,4.65,1000
10:42:51.489,REYA,B,44.95,900
10:42:51.552,APPL,B,119.7,400
10:42:51.945,GOOG,S,780.45,500
10:42:53.166,APPL,B,119.8,100
10:42:55.069,APPL,B,119.9,800
10:42:55.617,FDP,S,5.45,400
10:43:02.989,GOOG,S,780.1,300
10:43:03.906,FDP,S,5.25,500
10:43:04.263,APPL,S,120.5,700
10:43:05.514,FDP,B,4.85,200
10:43:06.277,FDP,B,4.7,500
10:43:06.941,REYA,S,45.15,800
10:43:14.326,HSBC,S,80.5,200
10:43:18.290,HSBC,S,80.05,600
10:43:20.851,REYA,S,45.15,500
10:43:22.039,GOOG,B,779.75,100
10:43:22.482,GOOG,S,780.05,900
10:43:26.255,FDP,S,5.4,800
10:43:26.436,REYA,S,45.4,200
10:43:34.669,GOOG,S,780.5,700
10:43:36.889,REYA,B,44.6,300
10:43:37.799,HSBC,B,79.65,200
10:43:43.825,GOOG,B,779.7,800
10:43:44.250,REYA,S,45.05,100
10:43:44.265,APPL,B,119.65,300
10:43:47.318,FDP,B,4.7,500
10:43:49.738,REYA,S,45.25,800
10:43:53.354,FDP,B,4.85,300
10:43:53.499,APPL,B,119.9,500
10:43:56.186,FDP,S,5.5,100
10:43:59.415,GOOG,S,780.15,1000
10:44:02.991,HSBC,B,79.55,200
10:44:05.460,FDP,S,5.1,600
10:44:07.131,FDP,B,4.5,900
10:44:07.173,FDP,S,5.4,600
10:44:10.994,REYA,B,44.75,500
10:44:16.235,REYA,B,44.65,300
10:44:19.319,GOOG,B,779.85,900
10:44:19.884,APPL,S,120.25,100
10:44:21.432,GOOG,B,779.5,900
10:44:27.209,REYA,B,44.75,700
10:44:27.784,REYA,B,44.65,100
10:44:29.816,APPL,B,119.85,200
10:44:31.483,GOOG,B,779.65,1000
10:44:33.152,APPL,S,120.1,900
10:44:34.205,HSBC,S,80.05,600
10:44:34.611,REYA,B,44.8,300
10:44:36.028,FDP,B,4.95,400
10:44:37.026,APPL,S,120.5,100
10:44:37.758,REYA,B,44.5,400
10:44:37.791,FDP,B,4.7,300
10:44:41.320,GOOG,B,779.55,900
10:44:42.541,APPL,B,119.8,100
10:44:42.616,GOOG,S,780.4,300
10:44:45.323,HSBC,B,79.85,500
10:44:45.829,APPL,B,119.9,800
10:44:48.809,HSBC,S,80.2,500
10:44:50.511,APPL,S,120.15,800
10:44:54.409,FDP,B,4.65,900
10:44:55.887,GOOG,B,779.5,500
10:44:56.867,APPL,B,119.8,300
10:45:00.211,HSBC,B,79.7,900
10:45:02.820,APPL,S,120.05,200
10:45:03.942,FDP,S,5.2,1000
10:45:04.256,GOOG,S,780.15,700
10:45:04.708,FDP,B,4.75,800
10:45:04.934,HSBC,B,79.5,400
10:45:06.703,FDP,B,4.65,900
10:45:11.141,HSBC,B,79.6,800
10:45:11.954,GOOG,S,780.1,700
10:45:17.917,HSBC,S,80.2,900
10:45:18.068,FDP,S,5.25,1000
10:45:18.643,APPL,S,120.3,100
10:45:19.649,APPL,S,120.25,300
10:45:20.047,REYA,B,44.75,500
10:45:21.005,APPL,B,119.5,700
10:45:21.332,HSBC,B,79.85,300
10:45:21.765,REYA,B,44.65,1000
10:45:28.385,FDP,B,4.75,1000
10:45:29.241,APPL,B,119.8,300
10:45:29.901,HSBC,B,79.9,1000
10:45:32.639,HSBC,S,80.25,1000
10:45:32.947,FDP,S,5.45,800
10:45:34.209,REYA,S,45.15,300
10:45:36.828,FDP,S,5.45,900
10:45:37.431,FDP,B,4.85,200
10:45:41.976,FDP,S,5.45,200
10:45:42.370,APPL,S,120.1,300
10:45:47.069,FDP,B,4.65,900
10:45:49.218,HSBC,S,80.4,800
10:45:49.879,FDP,B,4.9,200
10:45:51.733,HSBC,S,80.1,200
10:45:55.103,FDP,B,4.9,300
10:45:55.981,GOOG,S,780.4,400
10:45:56.693,HSBC,S,80.5,500
10:45:58.607,GOOG,S,780.35,900
10:46:02.330,HSBC,B,79.55,600
10:46:05.719,GOOG,S,780.15,800
10:46:05.979,FDP,S,5.3,400
10:46:06.789,GOOG,B,779.7,300
10:46:07.286,GOOG,S,780.2,700
10:46:10.796,APPL,B,119.55,300
10:46:12.416,REYA,B,44.65,800
10:46:13.722,GOOG,S,780.15,500
10:46:17.170,FDP,B,4.85,800
10:46:22.275,APPL,S,120.15,500
10:46:23.706,REYA,B,44.75,800
10:46:27.003,HSBC,S,80.1,700
10:46:28.203,FDP,S,5.4,100
10:46:31.415,GOOG,S,780.05,800
10:46:33.938,APPL,B,119.8,100
10:46:40.166,REYA,S,45.5,300
10:46:42.492,HSBC,S,80.05,700
10:46:43.889,HSBC,B,79.5,700
10:46:45.793,HSBC,S,80.4,100
10:46:46.809,REYA,S,45.05,800
10:46:48.026,GOOG,S,780.45,800
10:46:48.118,APPL,S,120.15,100
10:46:48.619,HSBC,B,79.7,100
10:46:57.020,FDP,B,4.55,100
10:46:59.263,FDP,S,5.4,400
10:47:00.433,APPL,B,119.65,200
10:47:08.973,FDP,S,5.3,100
10:47:11.339,APPL,S,120.3,400
10:47:16.871,REYA,B,44.6,300
10:47:19.311,REYA,B,44.55,1000
10:47:20.224,REYA,B,44.7,200
10:47:20.941,GOOG,B,779.85,300
10:47:22.096,REYA,B,44.9,400
10:47:27.878,FDP,S,5.05,700
10:47:29.627,APPL,S,120.05,400
10:47:31.464,FDP,B,4.9,100
10:47:36.111,REYA,S,45.4,100
10:47:39.724,FDP,B,4.7,300
10:47:49.593,GOOG,S,780.2,400
10:47:52.277,REYA,B,44.65,800
10:47:56.048,GOOG,B,779.75,300
10:47:56.939,REYA,S,45.25,200
10:47:57.939,APPL,S,120.25,400
10:47:58.519,GOOG,B,779.85,600
10:48:03.214,GOOG,B,779.55,400
10:48:03.983,FDP,S,5.1,800
10:48:06.390,FDP,B,4.55,500
10:48:09.973,REYA,B,44.85,800
10:48:11.675,GOOG,B,779.95,900
10:48:20.243,FDP,S,5.3,900
10:48:25.102,HSBC,S,80.05,300
10:48:26.236,HSBC,B,79.7,600
10:48:28.244,APPL,S,120.3,200
10:48:29.664,GOOG,B,779.65,1000
10:48:30.665,GOOG,B,779.7,400
10:48:34.970,FDP,S,5.05,600
10:48:37.019,HSBC,S,80.2,800
10:48:47.442,FDP,S,5.3,500
10:48:49.078,REYA,S,45.1,900
10:48:52.126,REYA,B,44.9,800
10:48:56.325,GOOG,S,780.2,700
10:48:59.823,REYA,S,45.5,600
10:49:03.791,REYA,B,44.95,200
10:49:09.657,GOOG,B,779.6,100
10:49:09.937,FDP,S,5.2,1000
10:49:10.081,FDP,S,5.15,700
10:49:12.310,APPL,B,119.65,800
10:49:16.791,REYA,S,45.15,400
10:49:17.973,APPL,B,119.85,1000
10:49:20.490,HSBC,B,79.9,1000
10:49:20.901,FDP,S,5.35,500
10:49:21.113,HSBC,S,80.5,800
10:49:21.576,FDP,B,4.85,200
10:49:24.404,HSBC,S,80.3,300
10:49:25.123,HSBC,B,79.65,100
10:49:31.783,GOOG,S,780.35,100
10:49:39.398,HSBC,S,80.1,700
10:49:41.871,FDP,B,4.65,200
10:49:42.647,APPL,B,119.8,200
10:49:44.960,REYA,S,45.05,900
10:49:46.624,GOOG,S,780.2,600
10:49:48.741,APPL,B,119.65,200
10:49:49.040,REYA,S,45.5,300
10:49:50.855,APPL,S,120.25,600
10:49:52.455,APPL,S,120.5,1000
10:49:53.808,FDP,B,4.7,300
10:49:56.692,FDP,B,4.65,500
10:49:58.035,FDP,B,4.5,800
10:49:58.562,REYA,S,45.3,500
10:49:58.773,HSBC,S,80.05,300
10:50:00.797,APPL,S,120.15,100
10:50:02.872,FDP,S,5.45,600
10:50:04.894,FDP,S,5.25,100
10:50:05.110,GOOG,B,779.65,400
10:50:07.442,REYA,S,45.25,800
10:50:08.119,FDP,S,5.2,700
10:50:09.384,FDP,B,4.8,200
10:50:11.247,FDP,B,4.85,900
10:50:12.030,HSBC,B,79.55,200
10:50:21.193,GOOG,B,779.6,200
10:50:27.489,REYA,B,44.65,1000
10:50:28.159,HSBC,B,79.55,100
10:50:29.863,REYA,B,44.6,200
10:50:37.651,FDP,B,4.6,800
10:50:40.035,APPL,S,120.35,500
10:50:44.337,GOOG,B,779.8,1000
10:50:46.847,GOOG,B,779.75,500
10:50:48.787,HSBC,B,79.65,200
10:50:50.071,APPL,B,119.6,200
10:51:00.428,GOOG,B,779.85,300
10:51:03.007,GOOG,S,780.25,900
10:51:06.212,APPL,B,119.55,800
10:51:07.138,APPL,B,119.5,200
10:51:17.734,HSBC,B,79.5,800
10:51:26.767,GOOG,S,780.4,600
10:51:27.131,GOOG,B,779.7,700
10:51:29.256,APPL,S,120.4,600
10:51:29.334,FDP,B,4.7,500
10:51:31.386,HSBC,B,79.95,400
10:51:36.641,REYA,S,45.3,400
10:51:38.828,REYA,B,44.6,800
10:51:38.985,REYA,S,45.3,700
10:51:42.253,HSBC,S,80.05,300
10:51:52.349,GOOG,B,779.6,100
10:51:52.638,HSBC,S,80.15,900
10:51:59.900,FDP,S,5.2,300
10:52:03.332,HSBC,B,79.95,400
10:52:06.457,REYA,B,44.8,700
10:52:10.716,REYA,S,45.3,500
10:52:10.789,HSBC,S,80.4,800
10:52:15.227,FDP,B,4.5,800
10:52:15.678,FDP,S,5.05,900
10:52:18.208,HSBC,S,80.05,600
10:52:20.080,REYA,B,44.95,1000
10:52:23.509,FDP,S,5.05,100
10:52:23.738,HSBC,B,79.6,800
10:52:24.840,HSBC,S,80.35,800
10:52:25.176,HSBC,B,79.7,1000
10:52:25.775,FDP,B,4.75,100
10:52:30.730,APPL,S,120.5,400
10:52:36.315,APPL,B,119.6,700
10:52:36.844,GOOG,S,780.35,100
10:52:36.896,FDP,B,4.55,100
10:52:43.182,FDP,S,5.15,1000
10:52:45.642,REYA,S,45.3,800
10:52:46.290,GOOG,S,780.15,700
10:52:46.360,HSBC,B,79.9,600
10:52:49.567,REYA,S,45.1,500
10:52:52.225,HSBC,B,79.9,1000
10:52:55.065,REYA,S,45.3,100
10:52:57.812,REYA,B,44.55,700
10:53:00.388,GOOG,S,780.2,800
10:53:01.584,GOOG,S,780.05,600
10:53:12.228,HSBC,B,79.65,400
10:53:19.024,APPL,B,119.95,200
10:53:19.428,GOOG,S,780.1,300
10:53:20.171,REYA,S,45.45,300
10:53:23.080,HSBC,S,80.1,200
10:53:23.465,REYA,B,44.85,600
10:53:27.767,FDP,B,4.9,600
10:53:30.088,REYA,S,45.2,100
10:53:30.763,GOOG,S,780.2,700
10:53:31.217,HSBC,S,80.25,700
10:53:34.978,APPL,B,119.95,700
10:53:52.292,GOOG,S,780.35,700
10:53:52.453,APPL,B,119.9,900
10:53:57.500,HSBC,B,79.8,800
10:53:58.109,REYA,B,44.75,600
10:54:01.575,GOOG,S,780.15,100
10:54:05.635,FDP,S,5.2,1000
10:54:05.835,GOOG,B,779.9,800
10:54:07.174,HSBC,B,79.7,400
10:54:12.422,HSBC,S,80.5,200
10:54:14.008,FDP,B,4.8,900
10:54:14.645,HSBC,S,80.4,400
10:54:17.812,APPL,S,120.4,100
10:54:21.565,APPL,B,119.5,1000
10:54:24.341,APPL,B,119.8,900
10:54:25.191,GOOG,B,779.5,100
10:54:26.415,FDP,B,4.85,200
10:54:34.312,HSBC,S,80.05,100
10:54:34.749,APPL,S,120.25,100
10:54:40.687,HSBC,S,80.5,600
10:54:40.743,APPL,B,119.9,900
10:54:44.540,REYA,S,45.45,900
10:54:48.794,REYA,S,45.15,900
10:54:49.098,HSBC,B,79.65,400
10:54:51.183,HSBC,B,79.5,900
10:54:52.649,GOOG,B,779.7,300
10:54:54.209,GOOG,S,780.5,400
10:54:56.036,GOOG,B,779.65,700
10:54:58.822,HSBC,S,80.5,200
10:55:00.662,HSBC,B,79.65,400
10:55:01.474,HSBC,B,79.95,500
10:55:06.098,APPL,S,120.4,800
10:55:08.891,HSBC,S,80.3,200
10:55:09.477,HSBC,S,80.1,900
10:55:09.581,REYA,B,44.85,400
10:55:10.471,APPL,B,119.7,200
10:55:10.991,APPL,B,119.55,700
10:55:12.061,APPL,B,119.5,400
10:55:15.337,HSBC,S,80.05,200
10:55:15.491,FDP,B,4.75,100
10:55:21.308,REYA,S,45.5,100
10:55:25.151,REYA,B,44.7,700
10:55:31.159,GOOG,S,780.1,400
10:55:34.988,REYA,S,45.25,100
10:55:47.180,APPL,S,120.1,600
10:55:48.005,HSBC,S,80.45,700
10:55:48.255,REYA,S,45.2,200
10:55:51.176,APPL,B,119.9,400
10:55:52.192,GOOG,B,779.9,500
10:55:53.060,FDP,B,4.55,100
10:55:54.862,GOOG,S,780.05,400
10:55:55.830,GOOG,B,779.95,500
10:56:01.771,APPL,B,119.75,1000
10:56:05.684,FDP,B,4.8,500
10:56:08.498,GOOG,B,779.85,900
10:56:11.069,APPL,B,119.95,100
10:56:11.310,REYA,B,44.55,900
10:56:11.782,GOOG,B,779.55,400
10:56:14.775,HSBC,S,80.35,200
10:56:18.156,REYA,B,44.95,300
10:56:18.950,GOOG,S,780.35,500
10:56:22.584,FDP,S,5.15,500
10:56:23.888,REYA,S,45.3,600
10:56:24.213,REYA,B,44.85,100
10:56:24.740,GOOG,S,780.1,200
10:56:25.102,HSBC,S,80.3,500
10:56:27.841,HSBC,S,80.05,500
10:56:33.752,GOOG,S,780.4,100
10:56:34.943,FDP,S,5.5,900
10:56:36.662,REYA,S,45.35,100
10:56:40.178,FDP,B,4.85,200
10:56:44.242,FDP,S,5.35,300
10:56:44.660,FDP,S,5.2,500
10:56:45.383,GOOG,B,779.8,700
10:56:50.479,REYA,S,45.5,700
10:56:52.020,APPL,S,120.05,600
10:56:53.655,GOOG,S,780.2,900
10:56:53.788,HSBC,S,80.2,400
10:56:54.159,APPL,S,120.5,200
10:56:58.302,APPL,S,120.25,900
10:56:59.535,GOOG,B,779.85,500
10:57:01.476,FDP,S,5.15,300
10:57:01.675,HSBC,B,79.55,500
10:57:02.877,FDP,S,5.15,300
10:57:04.407,HSBC,S,80.05,300
10:57:12.042,GOOG,B,779.75,700
10:57:16.967,HSBC,B,79.75,1000
10:57:20.271,APPL,B,119.5,600
10:57:22.736,GOOG,S,780.5,100
10:57:23.582,APPL,S,120.5,200
10:57:24.179,FDP,S,5.15,200
10:57:25.121,APPL,S,120.4,400
10:57:25.722,FDP,B,4.85,300
10:57:26.548,FDP,S,5.5,400
10:57:27.088,HSBC,B,79.95,500
10:57:28.138,APPL,B,119.85,900
10:57:28.473,HSBC,S,80.3,300
10:57:30.676,HSBC,S,80.2,100
10:57:36.232,FDP,B,4.85,900
10:57:37.185,GOOG,S,780.4,800
10:57:41.448,FDP,B,4.85,100
10:57:41.965,GOOG,B,779.75,400
10:57:45.033,REYA,S,45.15,1000
10:57:47.562,GOOG,S,780.35,1000
10:57:47.941,APPL,S,120.35,700
10:57:51.964,APPL,B,119.9,700
10:57:53.914,REYA,B,44.7,100
10:57:58.862,FDP,B,4.6,700
10:58:01.246,FDP,B,4.7,300
10:58:06.930,GOOG,S,780.35,900
10:58:13.921,REYA,S,45.4,700
10:58:14.538,REYA,B,44.8,400
10:58:15.836,FDP,S,5.35,400
10:58:16.944,FDP,S,5.1,400
10:58:20.850,APPL,S,120.5,200
10:58:24.598,REYA,S,45.35,100
10:58:25.676,REYA,B,44.9,200
10:58:26.302,APPL,S,120.05,700
10:58:27.981,REYA,S,45.15,400
10:58:28.319,FDP,B,4.5,500
10:58:28.808,HSBC,B,79.5,900
10:58:29.274,APPL,B,119.6,800
10:58:33.667,APPL,S,120.15,500
10:58:34.342,FDP,B,4.8,700
10:58:39.242,GOOG,S,780.05,400
10:58:40.202,GOOG,S,780.2,600
10:58:44.861,REYA,S,45.5,200
10:58:45.238,FDP,S,5.5,1000
10:58:46.152,HSBC,S,80.25,800
10:58:47.188,APPL,S,120.15,100
10:58:52.357,GOOG,S,780.4,900
10:58:52.848,GOOG,S,780.15,600
10:58:53.045,GOOG,B,779.8,600
10:58:54.041,REYA,S,45.05,300
10:58:55.747,HSBC,S,80.05,700
10:58:56.743,FDP,S,5.5,700
10:59:00.464,APPL,B,119.8,300
10:59:07.330,FDP,S,5.2,900
10:59:09.586,APPL,B,119.75,200
10:59:15.426,FDP,B,4.9,1000
10:59:21.865,GOOG,B,779.6,400
10:59:27.596,APPL,S,120.35,200
10:59:28.330,FDP,S,5.15,100
10:59:28.390,FDP,B,4.55,500
10:59:29.612,GOOG,B,779.75,100
10:59:29.725,GOOG,B,779.75,800
10:59:33.411,GOOG,S,780.2,500
10:59:37.122,APPL,B,119.9,1000
10:59:37.400,APPL,S,120.25,1000
10:59:40.228,REYA,S,45.05,300
10:59:40.966,GOOG,B,779.6,700
10:59:43.260,GOOG,B,779.85,900
10:59:44.118,REYA,B,44.65,300
10:59:45.697,HSBC,B,79.5,100
10:59:49.310,HSBC,S,80.1,700
10:59:50.680,APPL,B,119.95,700
10:59:51.720,APPL,B,119.75,700
10:59:52.333,APPL,S,120.45,200
10:59:53.454,APPL,S,120.5,700
10:59:54.884,REYA,S,45.1,500
10:59:55.189,HSBC,S,80.25,800
11:00:00.562,APPL,B,119.5,200
11:00:02.871,FDP,B,4.9,900
11:00:03.971,APPL,B,119.65,600
11:00:04.328,FDP,S,5.35,600
11:00:07.407,FDP,S,5.05,100
11:00:07.426,FDP,B,4.95,300
11:00:13.501,REYA,B,44.55,300
11:00:13.864,REYA,S,45.05,200
11:00:20.499,FDP,B,4.8,900
11:00:21.251,HSBC,S,80.3,500
11:00:27.029,REYA,B,44.85,600
11:00:30.155,HSBC,B,79.6,400
11:00:34.368,FDP,S,5.15,400
11:00:35.608,FDP,B,4.65,900
11:00:39.447,HSBC,S,80.1,900
11:00:40.008,HSBC,B,79.85,400
11:00:44.401,REYA,B,44.95,100
11:00:45.816,HSBC,S,80.4,100
11:00:47.053,APPL,B,119.9,200
11:00:48.017,REYA,S,45.2,600
11:00:51.808,GOOG,B,779.85,500
11:00:53.724,HSBC,B,79.9,700
11:00:56.461,GOOG,S,780.35,300
11:00:56.798,REYA,S,45.3,400
11:00:56.910,APPL,B,119.55,1000
11:01:07.964,APPL,B,119.6,100
11:01:08.105,APPL,B,119.85,100
11:01:08.511,GOOG,S,780.2,700
11:01:15.090,GOOG,S,780.5,600
11:01:17.869,APPL,B,119.8,900
11:01:21.098,APPL,S,120.45,600
11:01:22.034,REYA,B,44.95,800
11:01:24.013,FDP,S,5.1,1000
11:01:25.932,FDP,S,5.45,100
11:01:29.854,APPL,B,119.9,900
11:01:32.616,REYA,S,45.5,600
11:01:34.751,HSBC,S,80.45,600
11:01:45.975,HSBC,S,80.15,700
11:01:46.769,GOOG,B,779.7,500
11:01:49.871,APPL,S,120.3,1000
11:01:52.519,APPL,B,119.5,300
11:01:52.957,REYA,S,45.4,1000
11:01:56.028,FDP,S,5.1,100
11:01:59.421,HSBC,B,79.75,1000
11:02:02.104,REYA,S,45.35,500
11:02:07.586,FDP,B,4.8,200
11:02:11.017,HSBC,B,79.65,200
11:02:12.106,HSBC,B,79.6,500
11:02:13.107,FDP,B,4.5,800
11:02:13.954,FDP,B,4.55,100
11:02:17.132,REYA,S,45.15,100
11:02:34.461,REYA,B,44.65,200
11:02:36.977,GOOG,B,779.9,500
11:02:38.096,FDP,B,4.75,700
11:02:38.723,HSBC,B,79.8,500
11:02:39.150,FDP,S,5.4,500
11:02:39.207,APPL,B,119.9,200
11:02:44.981,HSBC,S,80.45,100
11:02:44.987,GOOG,B,779.6,600
11:02:48.741,HSBC,S,80.45,1000
11:02:49.879,FDP,S,5.3,500
11:02:52.639,FDP,B,4.55,900
11:02:52.901,REYA,B,44.8,800
11:02:54.852,REYA,S,45.25,600
11:03:00.954,REYA,S,45.5,200
11:03:01.180,APPL,S,120.15,200
11:03:04.740,FDP,B,4.85,800
11:03:04.880,HSBC,S,80.25,700
11:03:07.924,GOOG,B,779.95,300
11:03:08.409,GOOG,B,779.65,200
11:03:08.787,GOOG,B,779.85,500
11:03:10.899,FDP,S,5.35,800
11:03:13.572,REYA,B,44.6,900
11:03:13.922,APPL,S,120.25,200
11:03:14.130,REYA,B,44.95,200
11:03:14.412,FDP,B,4.85,700
11:03:18.514,REYA,B,44.75,1000
11:03:18.685,HSBC,S,80.15,500
11:03:19.791,APPL,S,120.2,800
11:03:20.225,HSBC,S,80.15,500
11:03:23.136,REYA,S,45.15,700
11:03:27.192,GOOG,B,779.95,600
11:03:28.859,FDP,B,4.7,700
11:03:34.091,HSBC,S,80.15,200
11:03:39.009,FDP,S,5.45,400
11:03:39.838,GOOG,S,780.05,700
11:03:51.144,FDP,B,4.8,600
11:03:54.512,HSBC,S,80.4,600
11:03:55.470,REYA,B,44.85,200
11:03:55.954,FDP,S,5.45,900
11:03:59.412,FDP,B,4.5,200
11:04:00.467,GOOG,S,780.25,300
11:04:04.669,APPL,S,120.15,700
11:04:11.019,HSBC,B,79.75,800
11:04:19.046,REYA,S,45.05,1000
11:04:25.171,APPL,S,120.3,400
11:04:28.685,REYA,S,45.5,100
11:04:31.199,GOOG,B,779.85,400
11:04:31.515,REYA,B,44.6,500
11:04:33.097,FDP,B,4.55,200
11:04:33.271,APPL,S,120.35,200
11:04:43.613,FDP,B,4.7,600
11:04:55.811,FDP,B,4.6,700
11:04:59.747,APPL,S,120.1,400
11:04:59.939,APPL,S,120.2,1000
11:04:59.976,GOOG,B,779.7,400
11:05:04.347,GOOG,B,779.6,800
11:05:08.319,GOOG,B,779.9,900
11:05:09.776,GOOG,S,780.45,400
11:05:13.532,FDP,S,5.3,600
11:05:14.088,FDP,B,4.6,500
11:05:15.628,FDP,S,5.3,500
11:05:23.578,HSBC,B,79.95,700
11:05:28.572,APPL,B,119.85,500
11:05:29.841,APPL,B,119.5,300
11:05:31.102,FDP,S,5.3,700
11:05:31.459,REYA,B,44.95,300
11:05:39.469,HSBC,B,79.5,800
11:05:40.445,GOOG,B,779.65,100
11:05:41.334,HSBC,S,80.05,700
11:05:42.362,FDP,B,4.65,400
11:05:42.400,APPL,S,120.4,100
11:05:46.985,APPL,B,119.75,700
11:05:57.340,FDP,S,5.35,900
11:05:59.803,HSBC,S,80.25,300
11:06:06.857,HSBC,S,80.05,300
11:06:09.955,FDP,S,5.35,600
11:06:20.784,APPL,B,119.95,200
11:06:21.125,GOOG,S,780.2,200
11:06:24.419,REYA,S,45.05,500
11:06:26.021,APPL,B,119.95,600
11:06:28.011,HSBC,S,80.35,1000
11:06:29.229,GOOG,B,779.5,700
11:06:33.640,APPL,B,119.65,800
11:06:38.382,APPL,B,119.9,200
11:06:39.464,REYA,B,44.65,100
11:06:41.706,APPL,B,119.75,300
11:06:43.278,FDP,S,5.05,700
11:06:43.653,APPL,S,120.3,900
11:06:49.278,GOOG,S,780.1,100
11:06:53.794,FDP,B,4.85,600
11:06:55.606,REYA,B,44.75,700
11:07:01.578,APPL,B,119.85,800
11:07:02.152,APPL,B,119.5,100
11:07:02.477,HSBC,S,80.25,200
11:07:10.538,REYA,S,45.45,500
11:07:12.435,GOOG,B,779.6,400
11:07:14.866,HSBC,S,80.1,500
11:07:17.839,HSBC,S,80.25,400
11:07:18.555,FDP,S,5.15,600
11:07:20.621,FDP,B,4.7,300
11:07:22.754,GOOG,B,779.95,100
11:07:22.956,APPL,B,119.75,900
11:07:23.575,APPL,S,120.1,500
11:07:26.034,REYA,S,45.4,600
11:07:28.295,FDP,S,5.3,100
11:07:30.890,APPL,S,120.05,200
11:07:31.252,HSBC,S,80.35,200
11:07:31.414,FDP,B,4.7,1000
11:07:44.045,HSBC,B,79.55,400
11:07:44.185,FDP,B,4.55,800
11:07:45.122,REYA,B,44.65,500
11:07:48.530,HSBC,B,79.8,1000
11:07:52.279,GOOG,B,779.65,400
11:08:06.360,APPL,S,120.5,600
11:08:09.116,FDP,S,5.5,400
11:08:14.454,FDP,S,5.1,600
11:08:14.464,HSBC,S,80.35,900
11:08:22.299,REYA,S,45.25,800
11:08:22.494,HSBC,B,79.7,600
11:08:23.186,APPL,S,120.05,100
11:08:27.725,GOOG,B,779.5,200
11:08:28.570,HSBC,S,80.5,400
11:08:31.185,GOOG,S,780.25,100
11:08:31.982,FDP,B,4.5,100
11:08:32.133,APPL,B,119.55,900
11:08:34.273,REYA,B,44.55,600
11:08:34.513,REYA,S,45.15,900
11:08:38.603,HSBC,S,80.45,300
11:08:39.427,REYA,S,45.4,1000
11:08:39.874,HSBC,B,79.65,800
11:08:45.505,GOOG,S,780.45,300
11:08:45.517,FDP,S,5.45,500
11:08:46.439,REYA,S,45.3,200
11:08:50.106,APPL,S,120.1,900
11:08:50.814,REYA,S,45.15,800
11:08:52.028,FDP,B,4.7,100
11:08:56.175,GOOG,S,780.4,100
11:08:57.394,REYA,S,45.4,100
11:08:59.538,APPL,S,120.5,800
11:08:59.918,GOOG,B,779.95,400
11:09:02.492,APPL,S,120.45,900
11:09:05.706,APPL,S,120.2,400
11:09:08.171,REYA,S,45.25,1000
11:09:10.321,FDP,B,4.6,300
11:09:11.508,FDP,S,5.2,400
11:09:19.405,APPL,B,119.95,100
11:09:21.131,FDP,B,4.75,800
11:09:24.359,REYA,B,44.65,400
11:09:26.605,GOOG,S,780.5,900
11:09:28.033,HSBC,B,79.9,1000
11:09:29.529,APPL,B,119.9,800
11:09:31.834,APPL,S,120.1,700
11:09:35.482,APPL,S,120.35,200
11:09:37.696,FDP,B,4.9,100
11:09:37.736,REYA,B,44.65,900
11:09:39.029,FDP,B,4.6,200
11:09:39.201,HSBC,S,80.05,500
11:09:39.382,REYA,S,45.15,700
11:09:40.815,APPL,B,119.85,200
11:09:44.633,HSBC,B,79.9,600
11:09:46.433,HSBC,S,80.4,700
11:09:46.925,GOOG,B,779.7,300
11:09:48.280,REYA,S,45.4,100
11:09:49.501,HSBC,S,80.35,700
11:09:49.897,REYA,B,44.55,600
11:09:52.107,GOOG,S,780.35,800
11:09:52.629,GOOG,B,779.5,900
11:09:56.630,GOOG,B,779.9,500
11:09:56.739,HSBC,S,80.1,400
11:09:59.424,HSBC,B,79.7,200
11:10:00.215,FDP,S,5.5,600
11:10:07.749,REYA,B,44.7,1000
11:10:08.116,GOOG,S,780.45,200
11:10:10.210,APPL,B,119.8,400
11:10:11.742,FDP,B,4.9,600
11:10:12.374,FDP,B,4.85,800
11:10:12.446,APPL,S,120.5,400
11:10:12.712,HSBC,S,80.05,700
11:10:12.829,REYA,S,45.15,700
11:10:13.194,FDP,S,5.4,200
11:10:14.519,FDP,S,5.4,1000
11:10:15.635,FDP,S,5.1,600
11:10:23.945,HSBC,B,79.75,800
11:10:29.540,FDP,S,5.3,700
11:10:31.712,APPL,S,120.5,200
11:10:32.366,HSBC,B,79.75,600
11:10:34.834,APPL,B,119.85,600
11:10:35.961,REYA,S,45.25,400
11:10:37.146,FDP,B,4.75,300
11:10:38.471,GOOG,B,779.5,500
11:10:38.699,REYA,B,44.8,100
11:10:40.876,GOOG,S,780.15,200
11:10:42.445,APPL,S,120.45,500
11:10:43.811,APPL,B,119.75,1000
11:10:44.911,REYA,S,45.5,100
11:10:48.328,APPL,S,120.2,900
11:10:51.496,GOOG,S,780.2,400
11:10:54.468,GOOG,S,780.15,200
11:10:56.351,REYA,S,45.5,900
11:10:56.611,FDP,S,5.4,1000
11:10:57.434,HSBC,B,79.7,500
11:11:10.509,FDP,S,5.15,700
11:11:14.625,GOOG,S,780.4,500
11:11:14.683,REYA,S,45.3,200
11:11:16.866,APPL,S,120.15,300
11:11:17.094,APPL,S,120.1,400
11:11:21.658,HSBC,S,80.45,700
11:11:27.337,REYA,S,45.5,100
11:11:27.951,REYA,B,44.8,900
11:11:29.544,FDP,S,5.45,600
11:11:32.901,HSBC,B,79.6,700
11:11:34.262,HSBC,B,79.95,900
11:11:38.289,APPL,S,120.05,300
11:11:39.047,GOOG,B,779.65,200
11:11:39.523,FDP,S,5.4,700
11:11:45.473,HSBC,B,79.55,100
11:11:47.713,FDP,B,4.9,900
11:11:48.075,FDP,S,5.2,500
11:11:52.847,GOOG,B,779.95,300
11:11:53.900,GOOG,B,779.65,600
11:11:56.276,HSBC,S,80.45,400
11:11:57.203,HSBC,B,79.5,700
11:11:58.180,REYA,B,44.9,300
11:12:02.464,FDP,S,5.3,500
11:12:04.689,APPL,B,119.75,100
11:12:09.233,REYA,S,45.1,900
11:12:11.758,APPL,B,119.6,300
11:12:12.169,GOOG,S,780.05,700
11:12:17.641,APPL,S,120.25,400
11:12:18.468,APPL,S,120.15,200
11:12:18.815,HSBC,S,80.5,100
11:12:21.429,HSBC,B,79.85,400
11:12:21.544,REYA,B,44.55,100
11:12:26.863,HSBC,B,79.85,100
11:12:27.397,REYA,B,44.8,100
11:12:36.919,REYA,B,44.8,200
11:12:37.346,GOOG,S,780.05,900
11:12:37.769,HSBC,S,80.1,800
11:12:38.643,REYA,S,45.3,700
11:12:40.778,GOOG,S,780.4,200
11:12:43.372,FDP,B,4.65,900
11:12:43.590,REYA,B,44.6,100
11:12:43.809,FDP,B,4.65,200
11:12:46.331,REYA,S,45.15,600
11:12:48.242,FDP,S,5.2,500
11:12:51.857,GOOG,S,780.4,200
11:12:53.999,GOOG,S,780.1,900
11:12:54.149,HSBC,S,80.3,200
11:12:58.984,APPL,B,119.75,200
11:13:00.154,GOOG,B,779.9,700
11:13:03.900,REYA,B,44.85,1000
11:13:04.601,FDP,S,5.25,800
11:13:08.792,GOOG,B,779.6,300
11:13:08.925,HSBC,S,80.15,500
11:13:15.885,GOOG,S,780.4,400
11:13:16.310,REYA,S,45.45,400
11:13:19.550,REYA,S,45.15,1000
11:13:26.009,FDP,B,4.6,800
11:13:28.678,FDP,B,4.8,500
11:13:29.646,APPL,S,120.1,300
11:13:35.279,FDP,B,4.65,1000
11:13:36.042,APPL,S,120.45,100
11:13:40.145,GOOG,B,779.6,500
11:13:45.671,HSBC,B,79.6,300
11:13:47.376,HSBC,S,80.4,1000
11:13:55.072,APPL,S,120.2,300
11:13:58.127,GOOG,S,780.3,400
11:13:58.482,FDP,B,4.9,900
11:13:59.657,FDP,B,4.65,200
11:14:05.772,GOOG,B,779.6,800
11:14:06.472,HSBC,S,80.3,700
11:14:06.994,REYA,S,45.35,900
11:14:07.389,FDP,B,4.85,300
11:14:07.928,HSBC,B,79.6,100
11:14:10.948,FDP,B,4.55,700
11:14:11.845,REYA,S,45.3,400
11:14:13.610,REYA,S,45.35,100
11:14:15.758,FDP,S,5.3,400
11:14:17.409,REYA,S,45.05,300
11:14:19.503,GOOG,B,779.8,100
11:14:19.657,FDP,B,4.9,1000
11:14:25.469,APPL,B,119.65,400
11:14:27.643,FDP,B,4.55,900
11:14:28.934,FDP,B,4.95,700
11:14:30.055,FDP,S,5.5,100
11:14:39.658,FDP,B,4.85,500
11:14:40.823,GOOG,S,780.25,300
11:14:44.092,HSBC,S,80.35,800
11:14:45.699,FDP,B,4.5,500
11:14:45.780,FDP,B,4.9,200
11:14:51.326,REYA,S,45.45,500
11:14:52.124,REYA,S,45.2,800
11:14:54.815,REYA,B,44.9,600
11:14:59.073,REYA,S,45.4,300
11:14:59.597,REYA,B,44.65,900
11:15:03.048,REYA,S,45.15,300
11:15:03.548,REYA,B,44.7,800
11:15:05.807,HSBC,S,80.35,800
11:15:05.809,APPL,S,120.4,100
11:15:06.064,HSBC,B,79.95,100
11:15:11.098,FDP,B,4.85,700
11:15:12.148,REYA,S,45.2,200
11:15:13.833,REYA,B,44.85,1000
11:15:16.470,REYA,S,45.25,800
11:15:18.387,HSBC,B,79.5,200
11:15:18.987,HSBC,B,79.6,400
11:15:19.022,APPL,S,120.4,600
11:15:19.212,GOOG,S,780.1,900
11:15:21.021,GOOG,B,779.8,400
11:15:24.259,APPL,S,120.2,600
11:15:25.510,REYA,S,45.2,900
11:15:27.213,REYA,B,44.55,900
11:15:32.101,GOOG,B,779.9,800
11:15:32.682,APPL,S,120.35,500
11:15:35.013,APPL,B,119.95,100
11:15:36.918,HSBC,S,80.35,300
11:15:42.211,HSBC,B,79.75,800
11:15:42.994,HSBC,B,79.95,100
11:15:47.438,REYA,B,44.8,800
11:15:50.603,HSBC,B,79.7,500
11:15:54.018,APPL,B,119.5,700
11:15:54.662,APPL,B,119.55,300
11:15:56.499,REYA,S,45.4,200
11:15:59.478,FDP,B,4.5,700
11:16:04.015,HSBC,S,80.1,100
11:16:05.925,APPL,S,120.3,700
11:16:09.238,APPL,B,119.85,300
11:16:09.523,FDP,S,5.05,800
11:16:16.545,GOOG,S,780.4,700
11:16:21.686,APPL,S,120.25,900
11:16:26.755,REYA,S,45.4,500
11:16:27.443,APPL,B,119.55,600
11:16:30.546,APPL,B,119.5,300
11:16:30.822,REYA,S,45.4,700
11:16:32.909,FDP,S,5.35,600
11:16:34.761,HSBC,S,80.15,700
11:16:37.520,GOOG,S,780.4,700
11:16:38.352,REYA,S,45.3,1000
11:16:40.701,FDP,B,4.65,900
11:16:48.427,FDP,S,5.2,900
11:16:48.639,GOOG,S,780.2,400
11:16:49.025,GOOG,B,779.95,300
11:16:50.339,HSBC,B,79.55,400
11:16:50.917,GOOG,B,779.65,500
11:16:54.521,FDP,S,5.45,600
11:16:55.574,REYA,B,44.55,900
11:16:55.584,APPL,S,120.05,900
11:16:57.103,GOOG,S,780.1,300
11:16:58.175,REYA,S,45.05,1000
11:17:10.943,GOOG,B,779.7,900
11:17:15.320,REYA,B,44.65,800
11:17:15.631,HSBC,B,79.95,800
11:17:15.951,HSBC,S,80.25,200
11:17:16.822,REYA,S,45.3,400
11:17:17.203,GOOG,S,780.2,200
11:17:17.730,APPL,S,120.15,600
11:17:22.232,APPL,S,120.1,700
11:17:23.579,FDP,B,4.75,600
11:17:25.586,HSBC,S,80.05,1000
11:17:34.165,APPL,S,120.45,400
11:17:34.282,APPL,B,119.65,100
11:17:46.845,FDP,B,4.95,1000
11:17:51.738,APPL,S,120.25,200
11:18:00.477,HSBC,S,80.4,600
11:18:03.672,APPL,B,119.9,500
11:18:11.555,GOOG,B,779.6,600
11:18:12.470,FDP,B,4.95,300
11:18:13.690,HSBC,S,80.35,500
11:18:14.046,FDP,S,5.05,900
11:18:14.530,FDP,B,4.6,300
11:18:15.604,GOOG,S,780.4,900
11:18:18.503,GOOG,S,780.05,600
11:18:23.929,REYA,S,45.15,100
11:18:26.752,REYA,S,45.1,500
11:18:27.542,APPL,B,119.8,700
11:18:28.449,REYA,B,44.8,500
11:18:30.441,FDP,B,4.6,900
11:18:31.314,FDP,B,4.6,100
11:18:33.328,REYA,B,44.5,500
11:18:36.245,HSBC,S,80.25,600
11:18:36.736,HSBC,S,80.35,900
11:18:38.696,GOOG,B,779.65,600
11:18:44.888,REYA,S,45.45,300
11:18:48.412,HSBC,B,79.95,1000
11:18:52.759,FDP,S,5.3,600
11:18:54.600,GOOG,B,779.7,600
11:18:56.253,APPL,S,120.15,600
11:19:02.122,APPL,S,120.25,100
11:19:08.334,FDP,S,5.05,200
11:19:08.714,APPL,S,120.2,300
11:19:09.780,FDP,B,4.9,700
11:19:10.521,GOOG,B,779.65,600
11:19:12.875,APPL,B,119.85,600
11:19:13.884,HSBC,B,79.95,600
11:19:16.092,REYA,B,44.5,400
11:19:16.799,GOOG,B,779.95,400
11:19:16.992,REYA,S,45.25,1000
11:19:17.919,APPL,S,120.05,800
11:19:18.659,APPL,B,119.55,100
11:19:18.767,REYA,B,44.8,1000
11:19:35.267,REYA,S,45.35,400
11:19:35.848,APPL,B,119.55,700
11:19:40.106,REYA,S,45.1,100
11:19:41.493,GOOG,S,780.3,600
11:19:43.732,APPL,S,120.4,900
11:19:44.003,HSBC,B,79.65,700
11:19:54.490,APPL,B,119.5,500
11:19:55.224,REYA,S,45.25,300
11:19:59.000,GOOG,B,779.9,800
11:20:00.264,REYA,S,45.05,900
11:20:05.173,FDP,S,5.4,400
11:20:10.115,APPL,B,119.5,500
11:20:10.496,APPL,B,119.6,900
11:20:11.481,APPL,S,120.35,400
11:20:12.989,REYA,B,44.55,300
11:20:15.448,GOOG,S,780.5,900
11:20:19.395,GOOG,B,779.85,100
11:20:21.642,FDP,B,4.5,100
11:20:30.943,GOOG,S,780.05,1000
11:20:35.096,GOOG,B,779.5,700
11:20:37.689,APPL,B,119.7,700
11:20:41.755,GOOG,S,780.05,500
11:20:43.160,HSBC,S,80.3,600
